Date,Vol,BidAsk,Price,Date
2022-09-19 00:00:02,1,1.0,3882.25,2022-09-19 00:00:02
2022-09-19 00:00:03,6,-1.0,3882.0,2022-09-19 00:00:03
2022-09-19 00:00:04,1,1.0,3882.0,2022-09-19 00:00:04
2022-09-19 00:00:05,1,1.0,3882.25,2022-09-19 00:00:05
2022-09-19 00:00:15,1,1.0,3882.0,2022-09-19 00:00:15
2022-09-19 00:00:16,4,1.0,3882.0,2022-09-19 00:00:16
2022-09-19 00:00:24,5,1.0,3882.0,2022-09-19 00:00:24
2022-09-19 00:00:30,2,-1.0,3882.0,2022-09-19 00:00:30
2022-09-19 00:00:35,2,-1.0,3882.0,2022-09-19 00:00:35
2022-09-19 00:00:41,12,1.0,3882.25,2022-09-19 00:00:41
2022-09-19 00:00:43,1,1.0,3882.5,2022-09-19 00:00:43
2022-09-19 00:00:44,12,1.0,3882.5,2022-09-19 00:00:44
2022-09-19 00:00:45,4,1.0,3882.75,2022-09-19 00:00:45
2022-09-19 00:00:46,7,2.0,3883.0,2022-09-19 00:00:46
2022-09-19 00:00:47,2,-1.0,3882.75,2022-09-19 00:00:47
2022-09-19 00:00:57,1,1.0,3882.75,2022-09-19 00:00:57
2022-09-19 00:01:00,1,1.0,3882.75,2022-09-19 00:01:00
2022-09-19 00:01:01,1,1.0,3882.75,2022-09-19 00:01:01
2022-09-19 00:01:04,1,-1.0,3882.5,2022-09-19 00:01:04
2022-09-19 00:01:08,1,1.0,3883.0,2022-09-19 00:01:08
2022-09-19 00:01:09,14,1.0,3883.0,2022-09-19 00:01:09
2022-09-19 00:01:10,1,-1.0,3883.0,2022-09-19 00:01:10
2022-09-19 00:01:13,9,1.0,3883.0,2022-09-19 00:01:13
2022-09-19 00:01:16,1,1.0,3883.0,2022-09-19 00:01:16
2022-09-19 00:01:20,14,1.0,3883.0,2022-09-19 00:01:20
2022-09-19 00:01:23,1,1.0,3883.0,2022-09-19 00:01:23
2022-09-19 00:01:26,6,-1.0,3882.75,2022-09-19 00:01:26
2022-09-19 00:01:28,1,1.0,3883.0,2022-09-19 00:01:28
2022-09-19 00:01:31,10,1.0,3883.0,2022-09-19 00:01:31
2022-09-19 00:01:33,2,1.0,3883.0,2022-09-19 00:01:33
2022-09-19 00:01:40,14,1.0,3883.0,2022-09-19 00:01:40
2022-09-19 00:01:44,7,1.0,3883.0,2022-09-19 00:01:44
2022-09-19 00:01:46,2,1.0,3883.0,2022-09-19 00:01:46
2022-09-19 00:01:48,1,1.0,3883.0,2022-09-19 00:01:48
2022-09-19 00:01:49,2,-1.0,3883.0,2022-09-19 00:01:49
2022-09-19 00:01:51,4,1.0,3883.25,2022-09-19 00:01:51
2022-09-19 00:01:52,1,1.0,3883.25,2022-09-19 00:01:52
2022-09-19 00:01:54,8,1.0,3883.25,2022-09-19 00:01:54
2022-09-19 00:01:55,3,1.0,3883.25,2022-09-19 00:01:55
2022-09-19 00:02:00,15,1.0,3883.25,2022-09-19 00:02:00
2022-09-19 00:02:01,4,1.0,3883.25,2022-09-19 00:02:01
2022-09-19 00:02:19,6,-1.0,3883.0,2022-09-19 00:02:19
2022-09-19 00:02:20,5,1.0,3883.0,2022-09-19 00:02:20
2022-09-19 00:02:23,20,-1.0,3882.75,2022-09-19 00:02:23
2022-09-19 00:02:24,1,-1.0,3882.5,2022-09-19 00:02:24
2022-09-19 00:02:27,1,-1.0,3882.5,2022-09-19 00:02:27
2022-09-19 00:02:31,5,1.0,3882.75,2022-09-19 00:02:31
2022-09-19 00:02:40,8,1.0,3883.0,2022-09-19 00:02:40
2022-09-19 00:02:41,1,1.0,3882.75,2022-09-19 00:02:41
2022-09-19 00:02:42,2,-1.0,3882.75,2022-09-19 00:02:42
2022-09-19 00:02:49,2,1.0,3883.0,2022-09-19 00:02:49
2022-09-19 00:02:58,1,1.0,3883.0,2022-09-19 00:02:58
2022-09-19 00:03:00,12,1.0,3883.0,2022-09-19 00:03:00
2022-09-19 00:03:03,2,1.0,3883.0,2022-09-19 00:03:03
2022-09-19 00:03:04,1,1.0,3883.0,2022-09-19 00:03:04
2022-09-19 00:03:13,1,-1.0,3883.0,2022-09-19 00:03:13
2022-09-19 00:03:16,3,-1.0,3883.0,2022-09-19 00:03:16
2022-09-19 00:03:19,2,1.0,3883.25,2022-09-19 00:03:19
2022-09-19 00:03:21,2,-1.0,3883.0,2022-09-19 00:03:21
2022-09-19 00:03:27,9,-1.0,3883.0,2022-09-19 00:03:27
2022-09-19 00:03:29,6,1.0,3882.75,2022-09-19 00:03:29
2022-09-19 00:03:36,1,1.0,3882.75,2022-09-19 00:03:36
2022-09-19 00:03:40,8,1.0,3882.75,2022-09-19 00:03:40
2022-09-19 00:03:45,1,-1.0,3882.5,2022-09-19 00:03:45
2022-09-19 00:03:48,1,-1.0,3882.5,2022-09-19 00:03:48
2022-09-19 00:03:50,1,-1.0,3882.5,2022-09-19 00:03:50
2022-09-19 00:03:53,2,-1.0,3882.5,2022-09-19 00:03:53
2022-09-19 00:03:56,1,1.0,3882.75,2022-09-19 00:03:56
2022-09-19 00:03:57,2,1.0,3882.75,2022-09-19 00:03:57
2022-09-19 00:03:58,1,1.0,3882.75,2022-09-19 00:03:58
2022-09-19 00:04:00,15,1.0,3883.0,2022-09-19 00:04:00
2022-09-19 00:04:02,1,-1.0,3882.75,2022-09-19 00:04:02
2022-09-19 00:04:03,1,-1.0,3882.75,2022-09-19 00:04:03
2022-09-19 00:04:04,2,-1.0,3882.75,2022-09-19 00:04:04
2022-09-19 00:04:06,2,-1.0,3882.75,2022-09-19 00:04:06
2022-09-19 00:04:19,9,1.0,3883.0,2022-09-19 00:04:19
2022-09-19 00:04:20,3,1.0,3883.0,2022-09-19 00:04:20
2022-09-19 00:04:22,2,1.0,3883.25,2022-09-19 00:04:22
2022-09-19 00:04:23,6,1.0,3883.25,2022-09-19 00:04:23
2022-09-19 00:04:25,13,2.0,3883.75,2022-09-19 00:04:25
2022-09-19 00:04:30,1,1.0,3883.5,2022-09-19 00:04:30
2022-09-19 00:04:32,1,1.0,3883.5,2022-09-19 00:04:32
2022-09-19 00:04:33,9,1.0,3883.25,2022-09-19 00:04:33
2022-09-19 00:04:34,24,1.0,3883.0,2022-09-19 00:04:34
2022-09-19 00:04:40,3,1.0,3883.0,2022-09-19 00:04:40
2022-09-19 00:04:42,1,-1.0,3883.0,2022-09-19 00:04:42
2022-09-19 00:04:43,2,1.0,3883.25,2022-09-19 00:04:43
2022-09-19 00:04:46,1,-1.0,3883.0,2022-09-19 00:04:46
2022-09-19 00:04:47,1,1.0,3883.25,2022-09-19 00:04:47
2022-09-19 00:04:54,1,-1.0,3883.0,2022-09-19 00:04:54
2022-09-19 00:05:00,10,1.0,3883.25,2022-09-19 00:05:00
2022-09-19 00:05:02,1,1.0,3883.25,2022-09-19 00:05:02
2022-09-19 00:05:15,5,-1.0,3883.0,2022-09-19 00:05:15
2022-09-19 00:05:18,23,2.0,3883.25,2022-09-19 00:05:18
2022-09-19 00:05:20,8,1.0,3883.0,2022-09-19 00:05:20
2022-09-19 00:05:22,2,-1.0,3882.75,2022-09-19 00:05:22
2022-09-19 00:05:40,3,1.0,3882.75,2022-09-19 00:05:40
2022-09-19 00:05:47,1,-1.0,3882.75,2022-09-19 00:05:47
2022-09-19 00:05:49,2,-1.0,3882.75,2022-09-19 00:05:49
2022-09-19 00:05:54,3,-1.0,3882.75,2022-09-19 00:05:54
2022-09-19 00:05:57,11,-1.0,3882.5,2022-09-19 00:05:57
2022-09-19 00:06:00,12,1.0,3882.75,2022-09-19 00:06:00
2022-09-19 00:06:03,2,-1.0,3882.5,2022-09-19 00:06:03
2022-09-19 00:06:07,1,-1.0,3882.5,2022-09-19 00:06:07
2022-09-19 00:06:10,10,1.0,3882.75,2022-09-19 00:06:10
2022-09-19 00:06:20,8,1.0,3883.0,2022-09-19 00:06:20
2022-09-19 00:06:31,7,1.0,3883.0,2022-09-19 00:06:31
2022-09-19 00:06:40,6,1.0,3883.0,2022-09-19 00:06:40
2022-09-19 00:06:45,5,1.0,3883.0,2022-09-19 00:06:45
2022-09-19 00:06:46,2,1.0,3883.0,2022-09-19 00:06:46
2022-09-19 00:06:57,5,-1.0,3883.0,2022-09-19 00:06:57
2022-09-19 00:07:00,6,1.0,3882.75,2022-09-19 00:07:00
2022-09-19 00:07:17,1,-1.0,3882.5,2022-09-19 00:07:17
2022-09-19 00:07:20,6,1.0,3882.75,2022-09-19 00:07:20
2022-09-19 00:07:22,1,-1.0,3882.75,2022-09-19 00:07:22
2022-09-19 00:07:38,1,-1.0,3882.5,2022-09-19 00:07:38
2022-09-19 00:07:40,5,1.0,3882.75,2022-09-19 00:07:40
2022-09-19 00:07:45,6,-1.0,3882.5,2022-09-19 00:07:45
2022-09-19 00:07:52,16,1.0,3882.0,2022-09-19 00:07:52
2022-09-19 00:07:59,2,-1.0,3881.75,2022-09-19 00:07:59
2022-09-19 00:08:00,8,1.0,3882.0,2022-09-19 00:08:00
2022-09-19 00:08:01,1,1.0,3882.0,2022-09-19 00:08:01
2022-09-19 00:08:07,1,-1.0,3881.75,2022-09-19 00:08:07
2022-09-19 00:08:12,1,1.0,3882.0,2022-09-19 00:08:12
2022-09-19 00:08:16,1,1.0,3882.0,2022-09-19 00:08:16
2022-09-19 00:08:20,3,1.0,3882.0,2022-09-19 00:08:20
2022-09-19 00:08:29,20,1.0,3881.75,2022-09-19 00:08:29
2022-09-19 00:08:30,2,1.0,3881.5,2022-09-19 00:08:30
2022-09-19 00:08:33,3,1.0,3881.75,2022-09-19 00:08:33
2022-09-19 00:08:34,1,-1.0,3881.5,2022-09-19 00:08:34
2022-09-19 00:08:36,2,-1.0,3881.5,2022-09-19 00:08:36
2022-09-19 00:08:53,14,-1.0,3881.25,2022-09-19 00:08:53
2022-09-19 00:08:57,3,-1.0,3881.25,2022-09-19 00:08:57
2022-09-19 00:09:00,1,1.0,3881.5,2022-09-19 00:09:00
2022-09-19 00:09:02,1,1.0,3881.5,2022-09-19 00:09:02
2022-09-19 00:09:06,3,-1.0,3881.25,2022-09-19 00:09:06
2022-09-19 00:09:10,4,1.0,3881.25,2022-09-19 00:09:10
2022-09-19 00:09:12,1,1.0,3881.25,2022-09-19 00:09:12
2022-09-19 00:09:14,1,-1.0,3881.0,2022-09-19 00:09:14
2022-09-19 00:09:17,14,1.0,3881.0,2022-09-19 00:09:17
2022-09-19 00:09:21,2,1.0,3881.25,2022-09-19 00:09:21
2022-09-19 00:09:24,2,1.0,3881.0,2022-09-19 00:09:24
2022-09-19 00:09:25,5,1.0,3881.25,2022-09-19 00:09:25
2022-09-19 00:09:27,3,-1.0,3881.25,2022-09-19 00:09:27
2022-09-19 00:09:28,3,-1.0,3881.25,2022-09-19 00:09:28
2022-09-19 00:09:30,1,1.0,3881.5,2022-09-19 00:09:30
2022-09-19 00:09:34,1,-1.0,3881.25,2022-09-19 00:09:34
2022-09-19 00:09:50,2,-1.0,3881.0,2022-09-19 00:09:50
2022-09-19 00:10:00,2,-1.0,3881.0,2022-09-19 00:10:00
2022-09-19 00:10:01,1,-1.0,3881.0,2022-09-19 00:10:01
2022-09-19 00:10:03,1,-1.0,3881.0,2022-09-19 00:10:03
2022-09-19 00:10:08,1,1.0,3881.0,2022-09-19 00:10:08
2022-09-19 00:10:11,2,1.0,3881.0,2022-09-19 00:10:11
2022-09-19 00:10:13,2,2.0,3881.25,2022-09-19 00:10:13
2022-09-19 00:10:17,10,1.0,3881.25,2022-09-19 00:10:17
2022-09-19 00:10:19,1,1.0,3881.25,2022-09-19 00:10:19
2022-09-19 00:10:25,3,-1.0,3881.0,2022-09-19 00:10:25
2022-09-19 00:10:32,2,1.0,3881.0,2022-09-19 00:10:32
2022-09-19 00:10:34,1,-1.0,3880.75,2022-09-19 00:10:34
2022-09-19 00:10:40,9,1.0,3881.0,2022-09-19 00:10:40
2022-09-19 00:10:46,5,-1.0,3880.75,2022-09-19 00:10:46
2022-09-19 00:10:47,1,-1.0,3880.75,2022-09-19 00:10:47
2022-09-19 00:10:49,1,-1.0,3880.75,2022-09-19 00:10:49
2022-09-19 00:10:51,2,-1.0,3880.75,2022-09-19 00:10:51
2022-09-19 00:10:52,1,-1.0,3880.75,2022-09-19 00:10:52
2022-09-19 00:11:02,1,-1.0,3880.75,2022-09-19 00:11:02
2022-09-19 00:11:04,2,-1.0,3880.75,2022-09-19 00:11:04
2022-09-19 00:11:05,2,-1.0,3880.75,2022-09-19 00:11:05
2022-09-19 00:11:06,1,-1.0,3880.75,2022-09-19 00:11:06
2022-09-19 00:11:09,3,-1.0,3880.75,2022-09-19 00:11:09
2022-09-19 00:11:10,1,-1.0,3880.75,2022-09-19 00:11:10
2022-09-19 00:11:13,3,1.0,3881.0,2022-09-19 00:11:13
2022-09-19 00:11:22,13,1.0,3881.0,2022-09-19 00:11:22
2022-09-19 00:11:25,15,-1.0,3880.75,2022-09-19 00:11:25
2022-09-19 00:11:26,24,1.0,3880.75,2022-09-19 00:11:26
2022-09-19 00:11:27,7,1.0,3880.25,2022-09-19 00:11:27
2022-09-19 00:11:30,20,1.0,3880.25,2022-09-19 00:11:30
2022-09-19 00:11:31,13,1.0,3880.25,2022-09-19 00:11:31
2022-09-19 00:11:35,2,-1.0,3880.0,2022-09-19 00:11:35
2022-09-19 00:11:38,8,-1.0,3880.0,2022-09-19 00:11:38
2022-09-19 00:11:39,4,-1.0,3880.0,2022-09-19 00:11:39
2022-09-19 00:11:40,2,1.0,3880.25,2022-09-19 00:11:40
2022-09-19 00:11:44,3,-1.0,3880.0,2022-09-19 00:11:44
2022-09-19 00:11:45,1,-1.0,3880.0,2022-09-19 00:11:45
2022-09-19 00:11:47,1,-1.0,3880.0,2022-09-19 00:11:47
2022-09-19 00:11:52,8,1.0,3880.25,2022-09-19 00:11:52
2022-09-19 00:11:55,6,1.0,3880.5,2022-09-19 00:11:55
2022-09-19 00:12:10,3,1.0,3880.25,2022-09-19 00:12:10
2022-09-19 00:12:13,2,1.0,3880.25,2022-09-19 00:12:13
2022-09-19 00:12:21,2,1.0,3880.25,2022-09-19 00:12:21
2022-09-19 00:12:22,1,-1.0,3880.0,2022-09-19 00:12:22
2022-09-19 00:12:25,2,1.0,3880.25,2022-09-19 00:12:25
2022-09-19 00:12:30,2,-1.0,3880.0,2022-09-19 00:12:30
2022-09-19 00:12:32,3,-1.0,3880.0,2022-09-19 00:12:32
2022-09-19 00:12:36,2,-1.0,3880.0,2022-09-19 00:12:36
2022-09-19 00:12:37,1,1.0,3880.0,2022-09-19 00:12:37
2022-09-19 00:12:41,9,-1.0,3879.75,2022-09-19 00:12:41
2022-09-19 00:12:42,3,1.0,3879.75,2022-09-19 00:12:42
2022-09-19 00:12:47,2,-1.0,3879.5,2022-09-19 00:12:47
2022-09-19 00:12:49,2,1.0,3879.75,2022-09-19 00:12:49
2022-09-19 00:12:52,1,-1.0,3879.5,2022-09-19 00:12:52
2022-09-19 00:12:53,5,1.0,3879.75,2022-09-19 00:12:53
2022-09-19 00:12:56,2,1.0,3879.75,2022-09-19 00:12:56
2022-09-19 00:12:57,1,-1.0,3879.5,2022-09-19 00:12:57
2022-09-19 00:12:59,1,-1.0,3879.5,2022-09-19 00:12:59
2022-09-19 00:13:00,21,1.0,3879.75,2022-09-19 00:13:00
2022-09-19 00:13:01,1,1.0,3879.5,2022-09-19 00:13:01
2022-09-19 00:13:04,2,1.0,3879.5,2022-09-19 00:13:04
2022-09-19 00:13:07,9,1.0,3879.25,2022-09-19 00:13:07
2022-09-19 00:13:09,6,1.0,3879.25,2022-09-19 00:13:09
2022-09-19 00:13:10,7,1.0,3879.25,2022-09-19 00:13:10
2022-09-19 00:13:12,2,1.0,3879.25,2022-09-19 00:13:12
2022-09-19 00:13:14,3,1.0,3879.25,2022-09-19 00:13:14
2022-09-19 00:13:15,8,1.0,3879.25,2022-09-19 00:13:15
2022-09-19 00:13:17,1,1.0,3879.5,2022-09-19 00:13:17
2022-09-19 00:13:23,4,1.0,3879.5,2022-09-19 00:13:23
2022-09-19 00:13:24,1,1.0,3879.5,2022-09-19 00:13:24
2022-09-19 00:13:25,2,1.0,3879.5,2022-09-19 00:13:25
2022-09-19 00:13:26,1,-1.0,3879.5,2022-09-19 00:13:26
2022-09-19 00:13:40,1,1.0,3879.5,2022-09-19 00:13:40
2022-09-19 00:13:48,1,-1.0,3879.5,2022-09-19 00:13:48
2022-09-19 00:13:53,1,-1.0,3879.5,2022-09-19 00:13:53
2022-09-19 00:13:55,2,1.0,3879.75,2022-09-19 00:13:55
2022-09-19 00:13:59,1,-1.0,3879.25,2022-09-19 00:13:59
2022-09-19 00:14:00,2,1.0,3879.75,2022-09-19 00:14:00
2022-09-19 00:14:01,1,-1.0,3879.5,2022-09-19 00:14:01
2022-09-19 00:14:02,1,-1.0,3879.5,2022-09-19 00:14:02
2022-09-19 00:14:03,7,1.0,3879.75,2022-09-19 00:14:03
2022-09-19 00:14:08,3,1.0,3880.0,2022-09-19 00:14:08
2022-09-19 00:14:09,1,1.0,3880.0,2022-09-19 00:14:09
2022-09-19 00:14:11,13,2.0,3880.25,2022-09-19 00:14:11
2022-09-19 00:14:13,21,-1.0,3879.75,2022-09-19 00:14:13
2022-09-19 00:14:15,7,1.0,3879.5,2022-09-19 00:14:15
2022-09-19 00:14:16,3,1.0,3879.75,2022-09-19 00:14:16
2022-09-19 00:14:19,1,1.0,3879.75,2022-09-19 00:14:19
2022-09-19 00:14:32,20,-1.0,3879.5,2022-09-19 00:14:32
2022-09-19 00:14:44,1,-1.0,3879.25,2022-09-19 00:14:44
2022-09-19 00:14:45,8,1.0,3879.5,2022-09-19 00:14:45
2022-09-19 00:14:47,3,1.0,3879.5,2022-09-19 00:14:47
2022-09-19 00:14:58,4,1.0,3879.5,2022-09-19 00:14:58
2022-09-19 00:15:04,1,-1.0,3879.75,2022-09-19 00:15:04
2022-09-19 00:15:08,1,1.0,3880.0,2022-09-19 00:15:08
2022-09-19 00:15:09,1,-1.0,3879.75,2022-09-19 00:15:09
2022-09-19 00:15:13,1,1.0,3879.75,2022-09-19 00:15:13
2022-09-19 00:15:23,5,1.0,3879.75,2022-09-19 00:15:23
2022-09-19 00:15:27,8,1.0,3880.0,2022-09-19 00:15:27
2022-09-19 00:15:32,2,-1.0,3879.75,2022-09-19 00:15:32
2022-09-19 00:15:43,3,1.0,3880.5,2022-09-19 00:15:43
2022-09-19 00:15:44,10,2.0,3880.75,2022-09-19 00:15:44
2022-09-19 00:15:51,4,1.0,3880.5,2022-09-19 00:15:51
2022-09-19 00:15:58,2,1.0,3880.5,2022-09-19 00:15:58
2022-09-19 00:16:11,3,1.0,3880.5,2022-09-19 00:16:11
2022-09-19 00:16:17,4,1.0,3881.0,2022-09-19 00:16:17
2022-09-19 00:16:18,41,1.0,3881.25,2022-09-19 00:16:18
2022-09-19 00:16:28,2,1.0,3881.0,2022-09-19 00:16:28
2022-09-19 00:16:29,6,-1.0,3880.75,2022-09-19 00:16:29
2022-09-19 00:16:33,1,1.0,3880.75,2022-09-19 00:16:33
2022-09-19 00:16:42,1,-1.0,3880.75,2022-09-19 00:16:42
2022-09-19 00:16:45,1,1.0,3881.0,2022-09-19 00:16:45
2022-09-19 00:16:48,1,-1.0,3880.75,2022-09-19 00:16:48
2022-09-19 00:16:51,12,1.0,3881.25,2022-09-19 00:16:51
2022-09-19 00:16:52,1,-1.0,3881.0,2022-09-19 00:16:52
2022-09-19 00:16:54,3,-1.0,3881.0,2022-09-19 00:16:54
2022-09-19 00:17:07,4,1.0,3881.0,2022-09-19 00:17:07
2022-09-19 00:17:23,2,-1.0,3881.0,2022-09-19 00:17:23
2022-09-19 00:17:27,8,1.0,3881.25,2022-09-19 00:17:27
2022-09-19 00:17:30,3,1.0,3881.25,2022-09-19 00:17:30
2022-09-19 00:17:31,1,1.0,3881.5,2022-09-19 00:17:31
2022-09-19 00:17:32,2,1.0,3881.5,2022-09-19 00:17:32
2022-09-19 00:17:34,9,1.0,3881.5,2022-09-19 00:17:34
2022-09-19 00:17:35,2,1.0,3881.5,2022-09-19 00:17:35
2022-09-19 00:17:42,7,1.0,3881.5,2022-09-19 00:17:42
2022-09-19 00:17:43,1,-1.0,3881.5,2022-09-19 00:17:43
2022-09-19 00:17:51,5,1.0,3881.5,2022-09-19 00:17:51
2022-09-19 00:17:52,6,1.0,3881.75,2022-09-19 00:17:52
2022-09-19 00:17:55,2,1.0,3881.5,2022-09-19 00:17:55
2022-09-19 00:17:57,1,1.0,3881.75,2022-09-19 00:17:57
2022-09-19 00:18:01,1,-1.0,3881.75,2022-09-19 00:18:01
2022-09-19 00:18:02,4,-1.0,3881.75,2022-09-19 00:18:02
2022-09-19 00:18:03,1,1.0,3881.75,2022-09-19 00:18:03
2022-09-19 00:18:09,1,1.0,3881.75,2022-09-19 00:18:09
2022-09-19 00:18:17,2,1.0,3881.75,2022-09-19 00:18:17
2022-09-19 00:18:32,7,1.0,3881.75,2022-09-19 00:18:32
2022-09-19 00:18:37,5,-1.0,3881.5,2022-09-19 00:18:37
2022-09-19 00:18:38,4,-1.0,3881.5,2022-09-19 00:18:38
2022-09-19 00:18:45,13,1.0,3881.5,2022-09-19 00:18:45
2022-09-19 00:19:22,10,1.0,3881.75,2022-09-19 00:19:22
2022-09-19 00:19:28,1,-1.0,3881.75,2022-09-19 00:19:28
2022-09-19 00:19:30,6,1.0,3881.75,2022-09-19 00:19:30
2022-09-19 00:19:31,2,-1.0,3881.5,2022-09-19 00:19:31
2022-09-19 00:19:56,4,1.0,3881.5,2022-09-19 00:19:56
2022-09-19 00:20:07,2,-1.0,3881.25,2022-09-19 00:20:07
2022-09-19 00:20:16,3,1.0,3881.5,2022-09-19 00:20:16
2022-09-19 00:20:24,2,1.0,3881.75,2022-09-19 00:20:24
2022-09-19 00:20:34,1,-1.0,3881.5,2022-09-19 00:20:34
2022-09-19 00:20:38,4,1.0,3881.75,2022-09-19 00:20:38
2022-09-19 00:20:40,10,-1.0,3881.75,2022-09-19 00:20:40
2022-09-19 00:20:43,5,1.0,3882.0,2022-09-19 00:20:43
2022-09-19 00:20:46,11,1.0,3882.0,2022-09-19 00:20:46
2022-09-19 00:21:02,22,2.0,3882.5,2022-09-19 00:21:02
2022-09-19 00:21:04,3,1.0,3882.25,2022-09-19 00:21:04
2022-09-19 00:21:05,2,-1.0,3882.25,2022-09-19 00:21:05
2022-09-19 00:21:09,1,1.0,3882.25,2022-09-19 00:21:09
2022-09-19 00:21:10,12,1.0,3882.0,2022-09-19 00:21:10
2022-09-19 00:21:13,7,1.0,3882.25,2022-09-19 00:21:13
2022-09-19 00:21:15,2,1.0,3882.0,2022-09-19 00:21:15
2022-09-19 00:21:17,1,-1.0,3882.0,2022-09-19 00:21:17
2022-09-19 00:21:18,3,1.0,3882.0,2022-09-19 00:21:18
2022-09-19 00:21:23,5,-1.0,3882.0,2022-09-19 00:21:23
2022-09-19 00:21:39,4,1.0,3882.0,2022-09-19 00:21:39
2022-09-19 00:21:50,1,-1.0,3882.0,2022-09-19 00:21:50
2022-09-19 00:21:57,3,1.0,3882.25,2022-09-19 00:21:57
2022-09-19 00:22:00,6,1.0,3882.5,2022-09-19 00:22:00
2022-09-19 00:22:09,9,2.0,3883.0,2022-09-19 00:22:09
2022-09-19 00:22:10,4,1.0,3882.75,2022-09-19 00:22:10
2022-09-19 00:22:24,1,-1.0,3882.75,2022-09-19 00:22:24
2022-09-19 00:22:26,3,-1.0,3882.75,2022-09-19 00:22:26
2022-09-19 00:22:27,4,-1.0,3882.5,2022-09-19 00:22:27
2022-09-19 00:22:35,1,-1.0,3882.5,2022-09-19 00:22:35
2022-09-19 00:22:39,1,-1.0,3882.5,2022-09-19 00:22:39
2022-09-19 00:22:40,4,-1.0,3882.5,2022-09-19 00:22:40
2022-09-19 00:23:00,1,1.0,3882.5,2022-09-19 00:23:00
2022-09-19 00:23:02,1,1.0,3882.5,2022-09-19 00:23:02
2022-09-19 00:23:10,1,-1.0,3882.5,2022-09-19 00:23:10
2022-09-19 00:23:23,1,-1.0,3882.25,2022-09-19 00:23:23
2022-09-19 00:23:24,9,1.0,3882.5,2022-09-19 00:23:24
2022-09-19 00:23:30,2,1.0,3882.5,2022-09-19 00:23:30
2022-09-19 00:23:36,1,1.0,3882.5,2022-09-19 00:23:36
2022-09-19 00:23:42,1,-1.0,3882.5,2022-09-19 00:23:42
2022-09-19 00:23:47,1,1.0,3882.75,2022-09-19 00:23:47
2022-09-19 00:23:53,8,1.0,3882.75,2022-09-19 00:23:53
2022-09-19 00:23:57,4,1.0,3883.0,2022-09-19 00:23:57
2022-09-19 00:23:59,9,1.0,3882.75,2022-09-19 00:23:59
2022-09-19 00:24:06,1,1.0,3882.75,2022-09-19 00:24:06
2022-09-19 00:24:14,1,-1.0,3882.5,2022-09-19 00:24:14
2022-09-19 00:24:16,1,-1.0,3882.5,2022-09-19 00:24:16
2022-09-19 00:24:22,1,1.0,3882.5,2022-09-19 00:24:22
2022-09-19 00:24:23,1,1.0,3882.75,2022-09-19 00:24:23
2022-09-19 00:24:33,4,1.0,3882.75,2022-09-19 00:24:33
2022-09-19 00:24:39,1,-1.0,3882.5,2022-09-19 00:24:39
2022-09-19 00:24:49,2,-1.0,3882.5,2022-09-19 00:24:49
2022-09-19 00:24:59,3,-1.0,3882.5,2022-09-19 00:24:59
2022-09-19 00:25:12,1,-1.0,3882.5,2022-09-19 00:25:12
2022-09-19 00:25:15,2,-1.0,3882.5,2022-09-19 00:25:15
2022-09-19 00:25:16,1,-1.0,3882.5,2022-09-19 00:25:16
2022-09-19 00:25:23,1,1.0,3882.5,2022-09-19 00:25:23
2022-09-19 00:25:27,1,1.0,3882.5,2022-09-19 00:25:27
2022-09-19 00:25:28,7,1.0,3882.75,2022-09-19 00:25:28
2022-09-19 00:25:41,7,1.0,3882.5,2022-09-19 00:25:41
2022-09-19 00:25:49,1,-1.0,3882.5,2022-09-19 00:25:49
2022-09-19 00:25:53,32,-1.0,3882.25,2022-09-19 00:25:53
2022-09-19 00:25:57,3,1.0,3881.75,2022-09-19 00:25:57
2022-09-19 00:25:59,5,1.0,3881.75,2022-09-19 00:25:59
2022-09-19 00:26:03,1,1.0,3881.75,2022-09-19 00:26:03
2022-09-19 00:26:10,1,-1.0,3881.5,2022-09-19 00:26:10
2022-09-19 00:26:11,2,1.0,3881.75,2022-09-19 00:26:11
2022-09-19 00:26:12,3,1.0,3881.75,2022-09-19 00:26:12
2022-09-19 00:26:13,1,-1.0,3881.5,2022-09-19 00:26:13
2022-09-19 00:26:18,1,1.0,3881.75,2022-09-19 00:26:18
2022-09-19 00:26:20,1,1.0,3881.75,2022-09-19 00:26:20
2022-09-19 00:26:46,7,1.0,3881.75,2022-09-19 00:26:46
2022-09-19 00:26:49,8,-1.0,3881.5,2022-09-19 00:26:49
2022-09-19 00:26:56,1,-1.0,3881.5,2022-09-19 00:26:56
2022-09-19 00:26:57,2,1.0,3881.5,2022-09-19 00:26:57
2022-09-19 00:27:01,1,-1.0,3881.5,2022-09-19 00:27:01
2022-09-19 00:27:03,11,-1.0,3881.5,2022-09-19 00:27:03
2022-09-19 00:27:05,3,-1.0,3881.25,2022-09-19 00:27:05
2022-09-19 00:27:06,6,1.0,3881.25,2022-09-19 00:27:06
2022-09-19 00:27:08,9,1.0,3881.25,2022-09-19 00:27:08
2022-09-19 00:27:11,1,1.0,3881.5,2022-09-19 00:27:11
2022-09-19 00:27:12,1,1.0,3881.5,2022-09-19 00:27:12
2022-09-19 00:27:14,7,1.0,3881.5,2022-09-19 00:27:14
2022-09-19 00:27:15,1,-1.0,3881.5,2022-09-19 00:27:15
2022-09-19 00:27:18,3,1.0,3881.75,2022-09-19 00:27:18
2022-09-19 00:27:19,7,1.0,3882.25,2022-09-19 00:27:19
2022-09-19 00:27:22,1,-1.0,3882.0,2022-09-19 00:27:22
2022-09-19 00:27:30,3,-1.0,3882.0,2022-09-19 00:27:30
2022-09-19 00:27:31,1,-1.0,3882.0,2022-09-19 00:27:31
2022-09-19 00:27:32,3,1.0,3882.0,2022-09-19 00:27:32
2022-09-19 00:27:40,2,1.0,3882.0,2022-09-19 00:27:40
2022-09-19 00:27:41,1,1.0,3882.0,2022-09-19 00:27:41
2022-09-19 00:27:43,2,1.0,3882.0,2022-09-19 00:27:43
2022-09-19 00:27:51,1,1.0,3882.0,2022-09-19 00:27:51
2022-09-19 00:28:03,5,-1.0,3882.0,2022-09-19 00:28:03
2022-09-19 00:28:08,12,1.0,3882.25,2022-09-19 00:28:08
2022-09-19 00:28:26,2,-1.0,3882.0,2022-09-19 00:28:26
2022-09-19 00:28:31,1,-1.0,3881.75,2022-09-19 00:28:31
2022-09-19 00:28:41,3,1.0,3882.0,2022-09-19 00:28:41
2022-09-19 00:28:48,6,1.0,3882.25,2022-09-19 00:28:48
2022-09-19 00:29:00,1,1.0,3882.0,2022-09-19 00:29:00
2022-09-19 00:29:16,11,1.0,3881.75,2022-09-19 00:29:16
2022-09-19 00:29:30,1,-1.0,3881.5,2022-09-19 00:29:30
2022-09-19 00:29:40,1,-1.0,3881.25,2022-09-19 00:29:40
2022-09-19 00:29:45,2,1.0,3881.5,2022-09-19 00:29:45
2022-09-19 00:29:51,1,1.0,3881.5,2022-09-19 00:29:51
2022-09-19 00:29:53,6,1.0,3881.75,2022-09-19 00:29:53
2022-09-19 00:30:00,1,1.0,3881.75,2022-09-19 00:30:00
2022-09-19 00:30:01,1,1.0,3881.75,2022-09-19 00:30:01
2022-09-19 00:30:06,3,1.0,3881.75,2022-09-19 00:30:06
2022-09-19 00:30:23,1,-1.0,3881.75,2022-09-19 00:30:23
2022-09-19 00:30:26,2,-1.0,3881.75,2022-09-19 00:30:26
2022-09-19 00:31:12,2,1.0,3882.25,2022-09-19 00:31:12
2022-09-19 00:31:20,1,1.0,3882.5,2022-09-19 00:31:20
2022-09-19 00:31:28,10,1.0,3882.5,2022-09-19 00:31:28
2022-09-19 00:31:32,7,1.0,3883.0,2022-09-19 00:31:32
2022-09-19 00:31:33,1,1.0,3883.0,2022-09-19 00:31:33
2022-09-19 00:31:34,2,-1.0,3882.75,2022-09-19 00:31:34
2022-09-19 00:31:37,3,1.0,3882.75,2022-09-19 00:31:37
2022-09-19 00:31:42,2,1.0,3882.75,2022-09-19 00:31:42
2022-09-19 00:31:43,3,-1.0,3882.75,2022-09-19 00:31:43
2022-09-19 00:31:47,2,1.0,3882.75,2022-09-19 00:31:47
2022-09-19 00:31:49,1,1.0,3882.75,2022-09-19 00:31:49
2022-09-19 00:32:02,1,1.0,3882.75,2022-09-19 00:32:02
2022-09-19 00:32:03,5,-1.0,3882.5,2022-09-19 00:32:03
2022-09-19 00:32:04,1,1.0,3882.75,2022-09-19 00:32:04
2022-09-19 00:32:05,1,-1.0,3882.75,2022-09-19 00:32:05
2022-09-19 00:32:06,1,-1.0,3882.75,2022-09-19 00:32:06
2022-09-19 00:32:09,1,1.0,3883.0,2022-09-19 00:32:09
2022-09-19 00:32:11,1,-1.0,3882.75,2022-09-19 00:32:11
2022-09-19 00:32:18,1,-1.0,3882.75,2022-09-19 00:32:18
2022-09-19 00:32:21,8,1.0,3882.75,2022-09-19 00:32:21
2022-09-19 00:32:25,2,-1.0,3882.5,2022-09-19 00:32:25
2022-09-19 00:32:27,1,1.0,3882.5,2022-09-19 00:32:27
2022-09-19 00:32:47,2,-1.0,3882.25,2022-09-19 00:32:47
2022-09-19 00:32:57,10,1.0,3882.25,2022-09-19 00:32:57
2022-09-19 00:33:03,3,-1.0,3882.0,2022-09-19 00:33:03
2022-09-19 00:33:05,2,1.0,3882.25,2022-09-19 00:33:05
2022-09-19 00:33:06,1,-1.0,3882.25,2022-09-19 00:33:06
2022-09-19 00:33:47,1,-1.0,3882.0,2022-09-19 00:33:47
2022-09-19 00:33:52,3,1.0,3882.25,2022-09-19 00:33:52
2022-09-19 00:33:56,1,-1.0,3882.25,2022-09-19 00:33:56
2022-09-19 00:34:16,3,1.0,3882.5,2022-09-19 00:34:16
2022-09-19 00:34:17,3,1.0,3882.75,2022-09-19 00:34:17
2022-09-19 00:34:29,3,-1.0,3882.5,2022-09-19 00:34:29
2022-09-19 00:35:00,23,1.0,3882.75,2022-09-19 00:35:00
2022-09-19 00:35:04,3,1.0,3883.0,2022-09-19 00:35:04
2022-09-19 00:35:06,1,-1.0,3882.75,2022-09-19 00:35:06
2022-09-19 00:35:08,13,1.0,3883.25,2022-09-19 00:35:08
2022-09-19 00:35:10,14,1.0,3883.5,2022-09-19 00:35:10
2022-09-19 00:35:11,2,1.0,3883.25,2022-09-19 00:35:11
2022-09-19 00:35:12,5,1.0,3883.5,2022-09-19 00:35:12
2022-09-19 00:35:16,1,-1.0,3883.25,2022-09-19 00:35:16
2022-09-19 00:35:17,1,-1.0,3883.25,2022-09-19 00:35:17
2022-09-19 00:35:29,1,1.0,3883.25,2022-09-19 00:35:29
2022-09-19 00:35:31,2,1.0,3883.25,2022-09-19 00:35:31
2022-09-19 00:35:34,1,1.0,3883.25,2022-09-19 00:35:34
2022-09-19 00:35:35,2,1.0,3883.25,2022-09-19 00:35:35
2022-09-19 00:35:38,1,-1.0,3883.25,2022-09-19 00:35:38
2022-09-19 00:35:43,2,1.0,3883.5,2022-09-19 00:35:43
2022-09-19 00:35:52,13,1.0,3883.5,2022-09-19 00:35:52
2022-09-19 00:36:01,5,-1.0,3883.5,2022-09-19 00:36:01
2022-09-19 00:36:03,6,-1.0,3883.25,2022-09-19 00:36:03
2022-09-19 00:36:07,7,-1.0,3883.25,2022-09-19 00:36:07
2022-09-19 00:36:08,12,1.0,3883.5,2022-09-19 00:36:08
2022-09-19 00:36:28,2,-1.0,3883.25,2022-09-19 00:36:28
2022-09-19 00:36:32,4,-1.0,3883.25,2022-09-19 00:36:32
2022-09-19 00:36:33,2,-1.0,3883.25,2022-09-19 00:36:33
2022-09-19 00:36:34,1,1.0,3883.25,2022-09-19 00:36:34
2022-09-19 00:36:35,1,-1.0,3883.25,2022-09-19 00:36:35
2022-09-19 00:36:40,10,1.0,3883.0,2022-09-19 00:36:40
2022-09-19 00:36:53,7,-1.0,3882.75,2022-09-19 00:36:53
2022-09-19 00:36:57,2,-1.0,3882.75,2022-09-19 00:36:57
2022-09-19 00:37:03,1,-1.0,3882.75,2022-09-19 00:37:03
2022-09-19 00:37:08,4,1.0,3882.75,2022-09-19 00:37:08
2022-09-19 00:37:13,1,-1.0,3882.75,2022-09-19 00:37:13
2022-09-19 00:37:39,6,-1.0,3882.5,2022-09-19 00:37:39
2022-09-19 00:37:41,2,1.0,3882.5,2022-09-19 00:37:41
2022-09-19 00:37:52,3,-1.0,3882.25,2022-09-19 00:37:52
2022-09-19 00:37:59,1,-1.0,3882.5,2022-09-19 00:37:59
2022-09-19 00:38:16,2,-1.0,3882.5,2022-09-19 00:38:16
2022-09-19 00:38:19,8,1.0,3882.75,2022-09-19 00:38:19
2022-09-19 00:38:27,1,-1.0,3882.75,2022-09-19 00:38:27
2022-09-19 00:38:37,2,-1.0,3882.5,2022-09-19 00:38:37
2022-09-19 00:38:53,1,-1.0,3882.5,2022-09-19 00:38:53
2022-09-19 00:39:03,1,-1.0,3882.25,2022-09-19 00:39:03
2022-09-19 00:39:26,1,1.0,3882.5,2022-09-19 00:39:26
2022-09-19 00:39:52,11,-1.0,3882.5,2022-09-19 00:39:52
2022-09-19 00:40:12,1,-1.0,3882.5,2022-09-19 00:40:12
2022-09-19 00:40:16,2,-1.0,3882.5,2022-09-19 00:40:16
2022-09-19 00:40:18,3,-1.0,3882.25,2022-09-19 00:40:18
2022-09-19 00:40:19,2,-1.0,3882.25,2022-09-19 00:40:19
2022-09-19 00:40:27,1,-1.0,3882.0,2022-09-19 00:40:27
2022-09-19 00:40:35,1,-1.0,3882.0,2022-09-19 00:40:35
2022-09-19 00:40:36,1,-1.0,3882.0,2022-09-19 00:40:36
2022-09-19 00:40:39,2,1.0,3882.0,2022-09-19 00:40:39
2022-09-19 00:40:48,1,1.0,3882.25,2022-09-19 00:40:48
2022-09-19 00:40:50,1,-1.0,3882.0,2022-09-19 00:40:50
2022-09-19 00:41:20,8,1.0,3882.25,2022-09-19 00:41:20
2022-09-19 00:41:29,1,1.0,3882.25,2022-09-19 00:41:29
2022-09-19 00:41:47,4,1.0,3882.25,2022-09-19 00:41:47
2022-09-19 00:41:50,1,-1.0,3882.0,2022-09-19 00:41:50
2022-09-19 00:42:00,1,-1.0,3882.0,2022-09-19 00:42:00
2022-09-19 00:42:12,3,-1.0,3882.0,2022-09-19 00:42:12
2022-09-19 00:42:19,4,1.0,3882.25,2022-09-19 00:42:19
2022-09-19 00:42:20,6,1.0,3882.25,2022-09-19 00:42:20
2022-09-19 00:42:28,5,-1.0,3882.0,2022-09-19 00:42:28
2022-09-19 00:42:38,1,1.0,3882.25,2022-09-19 00:42:38
2022-09-19 00:42:41,2,1.0,3882.25,2022-09-19 00:42:41
2022-09-19 00:42:54,1,1.0,3882.25,2022-09-19 00:42:54
2022-09-19 00:42:59,1,-1.0,3882.25,2022-09-19 00:42:59
2022-09-19 00:43:01,2,-1.0,3882.0,2022-09-19 00:43:01
2022-09-19 00:43:14,12,1.0,3882.25,2022-09-19 00:43:14
2022-09-19 00:43:29,1,-1.0,3882.0,2022-09-19 00:43:29
2022-09-19 00:43:31,1,-1.0,3882.0,2022-09-19 00:43:31
2022-09-19 00:43:41,2,-1.0,3882.0,2022-09-19 00:43:41
2022-09-19 00:44:03,5,1.0,3882.5,2022-09-19 00:44:03
2022-09-19 00:44:06,2,1.0,3882.5,2022-09-19 00:44:06
2022-09-19 00:44:11,3,1.0,3882.5,2022-09-19 00:44:11
2022-09-19 00:44:24,1,1.0,3882.5,2022-09-19 00:44:24
2022-09-19 00:44:32,2,1.0,3882.5,2022-09-19 00:44:32
2022-09-19 00:44:37,2,1.0,3882.75,2022-09-19 00:44:37
2022-09-19 00:44:48,1,1.0,3882.75,2022-09-19 00:44:48
2022-09-19 00:44:54,11,-1.0,3882.5,2022-09-19 00:44:54
2022-09-19 00:44:57,1,-1.0,3882.25,2022-09-19 00:44:57
2022-09-19 00:44:58,4,1.0,3882.5,2022-09-19 00:44:58
2022-09-19 00:45:00,5,-1.0,3882.25,2022-09-19 00:45:00
2022-09-19 00:45:02,2,1.0,3882.25,2022-09-19 00:45:02
2022-09-19 00:45:11,1,-1.0,3882.0,2022-09-19 00:45:11
2022-09-19 00:45:12,4,-1.0,3882.0,2022-09-19 00:45:12
2022-09-19 00:45:26,1,1.0,3882.25,2022-09-19 00:45:26
2022-09-19 00:45:35,2,-1.0,3882.25,2022-09-19 00:45:35
2022-09-19 00:45:59,1,-1.0,3882.25,2022-09-19 00:45:59
2022-09-19 00:46:00,7,-1.0,3882.25,2022-09-19 00:46:00
2022-09-19 00:46:11,27,-1.0,3882.0,2022-09-19 00:46:11
2022-09-19 00:46:14,2,1.0,3882.0,2022-09-19 00:46:14
2022-09-19 00:46:15,2,-1.0,3882.0,2022-09-19 00:46:15
2022-09-19 00:46:21,6,1.0,3882.0,2022-09-19 00:46:21
2022-09-19 00:46:24,2,1.0,3882.0,2022-09-19 00:46:24
2022-09-19 00:46:26,40,1.0,3882.0,2022-09-19 00:46:26
2022-09-19 00:46:27,8,1.0,3881.75,2022-09-19 00:46:27
2022-09-19 00:46:28,4,-1.0,3881.5,2022-09-19 00:46:28
2022-09-19 00:46:29,2,1.0,3881.75,2022-09-19 00:46:29
2022-09-19 00:46:32,1,-1.0,3881.5,2022-09-19 00:46:32
2022-09-19 00:46:34,1,-1.0,3881.5,2022-09-19 00:46:34
2022-09-19 00:46:38,4,1.0,3881.75,2022-09-19 00:46:38
2022-09-19 00:46:39,5,-1.0,3881.5,2022-09-19 00:46:39
2022-09-19 00:46:40,2,1.0,3881.75,2022-09-19 00:46:40
2022-09-19 00:46:41,2,-1.0,3881.5,2022-09-19 00:46:41
2022-09-19 00:46:44,16,-1.0,3881.5,2022-09-19 00:46:44
2022-09-19 00:46:45,9,1.0,3881.25,2022-09-19 00:46:45
2022-09-19 00:46:47,1,-1.0,3881.25,2022-09-19 00:46:47
2022-09-19 00:46:50,1,-1.0,3881.25,2022-09-19 00:46:50
2022-09-19 00:46:51,1,-1.0,3881.25,2022-09-19 00:46:51
2022-09-19 00:46:54,1,-1.0,3881.25,2022-09-19 00:46:54
2022-09-19 00:46:55,27,2.0,3881.75,2022-09-19 00:46:55
2022-09-19 00:47:21,5,-1.0,3881.75,2022-09-19 00:47:21
2022-09-19 00:47:29,1,-1.0,3881.75,2022-09-19 00:47:29
2022-09-19 00:47:31,3,1.0,3882.0,2022-09-19 00:47:31
2022-09-19 00:47:32,22,1.0,3882.0,2022-09-19 00:47:32
2022-09-19 00:47:39,2,1.0,3882.25,2022-09-19 00:47:39
2022-09-19 00:47:46,20,1.0,3882.5,2022-09-19 00:47:46
2022-09-19 00:47:47,2,1.0,3882.75,2022-09-19 00:47:47
2022-09-19 00:47:49,10,1.0,3882.75,2022-09-19 00:47:49
2022-09-19 00:47:50,1,1.0,3882.75,2022-09-19 00:47:50
2022-09-19 00:47:51,3,1.0,3882.75,2022-09-19 00:47:51
2022-09-19 00:47:54,1,1.0,3883.0,2022-09-19 00:47:54
2022-09-19 00:47:55,3,1.0,3883.0,2022-09-19 00:47:55
2022-09-19 00:47:56,2,1.0,3883.0,2022-09-19 00:47:56
2022-09-19 00:47:57,4,1.0,3883.0,2022-09-19 00:47:57
2022-09-19 00:47:58,5,1.0,3882.75,2022-09-19 00:47:58
2022-09-19 00:48:01,2,1.0,3882.75,2022-09-19 00:48:01
2022-09-19 00:48:03,13,-1.0,3882.75,2022-09-19 00:48:03
2022-09-19 00:48:06,3,1.0,3882.75,2022-09-19 00:48:06
2022-09-19 00:48:12,6,1.0,3882.75,2022-09-19 00:48:12
2022-09-19 00:48:28,2,1.0,3882.75,2022-09-19 00:48:28
2022-09-19 00:48:31,2,-1.0,3882.75,2022-09-19 00:48:31
2022-09-19 00:48:36,1,-1.0,3882.5,2022-09-19 00:48:36
2022-09-19 00:48:39,20,1.0,3882.5,2022-09-19 00:48:39
2022-09-19 00:48:41,8,1.0,3882.5,2022-09-19 00:48:41
2022-09-19 00:48:45,9,-1.0,3882.25,2022-09-19 00:48:45
2022-09-19 00:48:48,1,1.0,3882.25,2022-09-19 00:48:48
2022-09-19 00:48:58,12,1.0,3882.25,2022-09-19 00:48:58
2022-09-19 00:49:03,5,-1.0,3882.0,2022-09-19 00:49:03
2022-09-19 00:49:10,1,-1.0,3882.0,2022-09-19 00:49:10
2022-09-19 00:49:26,14,1.0,3882.5,2022-09-19 00:49:26
2022-09-19 00:49:34,13,1.0,3882.75,2022-09-19 00:49:34
2022-09-19 00:49:38,9,1.0,3882.75,2022-09-19 00:49:38
2022-09-19 00:49:41,24,2.0,3883.0,2022-09-19 00:49:41
2022-09-19 00:49:42,2,-1.0,3882.75,2022-09-19 00:49:42
2022-09-19 00:49:46,1,-1.0,3882.5,2022-09-19 00:49:46
2022-09-19 00:49:50,16,1.0,3882.5,2022-09-19 00:49:50
2022-09-19 00:50:00,2,1.0,3882.25,2022-09-19 00:50:00
2022-09-19 00:50:01,2,-1.0,3882.25,2022-09-19 00:50:01
2022-09-19 00:50:08,18,1.0,3882.5,2022-09-19 00:50:08
2022-09-19 00:50:13,5,-1.0,3882.25,2022-09-19 00:50:13
2022-09-19 00:50:15,1,1.0,3882.25,2022-09-19 00:50:15
2022-09-19 00:50:17,2,-1.0,3882.25,2022-09-19 00:50:17
2022-09-19 00:50:24,1,1.0,3882.25,2022-09-19 00:50:24
2022-09-19 00:50:27,8,1.0,3882.5,2022-09-19 00:50:27
2022-09-19 00:50:29,13,1.0,3882.5,2022-09-19 00:50:29
2022-09-19 00:50:31,1,-1.0,3882.5,2022-09-19 00:50:31
2022-09-19 00:50:34,10,1.0,3882.75,2022-09-19 00:50:34
2022-09-19 00:50:36,2,1.0,3882.75,2022-09-19 00:50:36
2022-09-19 00:50:38,15,1.0,3883.0,2022-09-19 00:50:38
2022-09-19 00:50:41,2,-1.0,3882.75,2022-09-19 00:50:41
2022-09-19 00:50:43,9,1.0,3882.75,2022-09-19 00:50:43
2022-09-19 00:50:47,29,1.0,3882.5,2022-09-19 00:50:47
2022-09-19 00:50:49,1,-1.0,3882.5,2022-09-19 00:50:49
2022-09-19 00:50:55,45,1.0,3882.75,2022-09-19 00:50:55
2022-09-19 00:51:00,1,-1.0,3882.5,2022-09-19 00:51:00
2022-09-19 00:51:02,39,-1.0,3882.5,2022-09-19 00:51:02
2022-09-19 00:51:03,3,-1.0,3882.5,2022-09-19 00:51:03
2022-09-19 00:51:05,10,1.0,3882.5,2022-09-19 00:51:05
2022-09-19 00:51:10,36,1.0,3882.5,2022-09-19 00:51:10
2022-09-19 00:51:13,4,-1.0,3882.5,2022-09-19 00:51:13
2022-09-19 00:51:19,1,-1.0,3882.5,2022-09-19 00:51:19
2022-09-19 00:51:20,20,1.0,3882.75,2022-09-19 00:51:20
2022-09-19 00:51:22,5,1.0,3882.5,2022-09-19 00:51:22
2022-09-19 00:51:43,1,-1.0,3882.25,2022-09-19 00:51:43
2022-09-19 00:51:54,11,1.0,3882.75,2022-09-19 00:51:54
2022-09-19 00:51:57,1,-1.0,3882.5,2022-09-19 00:51:57
2022-09-19 00:52:02,4,-1.0,3882.5,2022-09-19 00:52:02
2022-09-19 00:52:05,2,1.0,3882.5,2022-09-19 00:52:05
2022-09-19 00:52:23,2,-1.0,3882.5,2022-09-19 00:52:23
2022-09-19 00:52:25,14,-1.0,3882.25,2022-09-19 00:52:25
2022-09-19 00:52:26,6,1.0,3882.5,2022-09-19 00:52:26
2022-09-19 00:52:27,2,1.0,3882.25,2022-09-19 00:52:27
2022-09-19 00:52:31,13,1.0,3882.0,2022-09-19 00:52:31
2022-09-19 00:52:34,6,-1.0,3881.75,2022-09-19 00:52:34
2022-09-19 00:52:35,1,-1.0,3881.75,2022-09-19 00:52:35
2022-09-19 00:52:36,89,1.0,3881.75,2022-09-19 00:52:36
2022-09-19 00:52:38,3,1.0,3881.75,2022-09-19 00:52:38
2022-09-19 00:52:39,1,-1.0,3881.75,2022-09-19 00:52:39
2022-09-19 00:52:44,5,-1.0,3881.75,2022-09-19 00:52:44
2022-09-19 00:52:47,1,1.0,3881.75,2022-09-19 00:52:47
2022-09-19 00:52:53,7,1.0,3881.75,2022-09-19 00:52:53
2022-09-19 00:52:58,6,-1.0,3881.5,2022-09-19 00:52:58
2022-09-19 00:53:00,1,-1.0,3881.5,2022-09-19 00:53:00
2022-09-19 00:53:01,11,1.0,3881.75,2022-09-19 00:53:01
2022-09-19 00:53:02,1,1.0,3882.0,2022-09-19 00:53:02
2022-09-19 00:53:09,1,-1.0,3881.75,2022-09-19 00:53:09
2022-09-19 00:53:10,6,1.0,3882.25,2022-09-19 00:53:10
2022-09-19 00:53:11,1,1.0,3882.0,2022-09-19 00:53:11
2022-09-19 00:53:14,2,-1.0,3881.75,2022-09-19 00:53:14
2022-09-19 00:53:20,17,2.0,3882.25,2022-09-19 00:53:20
2022-09-19 00:53:26,4,1.0,3882.0,2022-09-19 00:53:26
2022-09-19 00:53:48,2,1.0,3882.0,2022-09-19 00:53:48
2022-09-19 00:54:03,2,-1.0,3882.0,2022-09-19 00:54:03
2022-09-19 00:54:05,6,1.0,3882.25,2022-09-19 00:54:05
2022-09-19 00:54:08,11,1.0,3882.25,2022-09-19 00:54:08
2022-09-19 00:54:15,1,-1.0,3882.25,2022-09-19 00:54:15
2022-09-19 00:54:19,3,-1.0,3882.25,2022-09-19 00:54:19
2022-09-19 00:54:20,3,-1.0,3882.25,2022-09-19 00:54:20
2022-09-19 00:54:21,1,1.0,3882.25,2022-09-19 00:54:21
2022-09-19 00:54:32,1,1.0,3882.25,2022-09-19 00:54:32
2022-09-19 00:54:35,1,1.0,3882.5,2022-09-19 00:54:35
2022-09-19 00:54:57,11,-1.0,3882.25,2022-09-19 00:54:57
2022-09-19 00:54:59,3,-1.0,3882.25,2022-09-19 00:54:59
2022-09-19 00:55:00,2,-1.0,3882.25,2022-09-19 00:55:00
2022-09-19 00:55:06,2,-1.0,3882.0,2022-09-19 00:55:06
2022-09-19 00:55:11,8,1.0,3882.25,2022-09-19 00:55:11
2022-09-19 00:55:15,1,-1.0,3882.25,2022-09-19 00:55:15
2022-09-19 00:55:18,4,1.0,3882.5,2022-09-19 00:55:18
2022-09-19 00:55:27,6,1.0,3882.75,2022-09-19 00:55:27
2022-09-19 00:55:29,8,1.0,3882.75,2022-09-19 00:55:29
2022-09-19 00:55:30,3,1.0,3883.0,2022-09-19 00:55:30
2022-09-19 00:55:34,1,-1.0,3882.75,2022-09-19 00:55:34
2022-09-19 00:55:41,4,-1.0,3882.75,2022-09-19 00:55:41
2022-09-19 00:55:45,2,1.0,3883.0,2022-09-19 00:55:45
2022-09-19 00:55:54,1,1.0,3883.0,2022-09-19 00:55:54
2022-09-19 00:56:03,7,-1.0,3882.75,2022-09-19 00:56:03
2022-09-19 00:56:11,1,1.0,3883.0,2022-09-19 00:56:11
2022-09-19 00:56:13,10,1.0,3883.0,2022-09-19 00:56:13
2022-09-19 00:56:18,1,-1.0,3882.75,2022-09-19 00:56:18
2022-09-19 00:56:25,1,-1.0,3882.75,2022-09-19 00:56:25
2022-09-19 00:56:33,2,-1.0,3882.75,2022-09-19 00:56:33
2022-09-19 00:56:38,3,1.0,3882.75,2022-09-19 00:56:38
2022-09-19 00:56:43,3,-1.0,3882.75,2022-09-19 00:56:43
2022-09-19 00:56:50,10,1.0,3883.0,2022-09-19 00:56:50
2022-09-19 00:56:52,13,1.0,3882.75,2022-09-19 00:56:52
2022-09-19 00:56:56,4,-1.0,3882.75,2022-09-19 00:56:56
2022-09-19 00:57:04,7,2.0,3883.0,2022-09-19 00:57:04
2022-09-19 00:57:05,4,1.0,3882.75,2022-09-19 00:57:05
2022-09-19 00:57:12,1,-1.0,3882.75,2022-09-19 00:57:12
2022-09-19 00:57:15,1,1.0,3883.0,2022-09-19 00:57:15
2022-09-19 00:57:16,2,-1.0,3882.75,2022-09-19 00:57:16
2022-09-19 00:57:25,4,1.0,3882.75,2022-09-19 00:57:25
2022-09-19 00:57:27,10,1.0,3883.0,2022-09-19 00:57:27
2022-09-19 00:57:28,6,1.0,3883.0,2022-09-19 00:57:28
2022-09-19 00:57:31,3,-1.0,3883.0,2022-09-19 00:57:31
2022-09-19 00:57:38,2,1.0,3883.0,2022-09-19 00:57:38
2022-09-19 00:57:45,1,1.0,3883.0,2022-09-19 00:57:45
2022-09-19 00:57:51,5,1.0,3883.0,2022-09-19 00:57:51
2022-09-19 00:57:59,2,1.0,3883.25,2022-09-19 00:57:59
2022-09-19 00:58:03,5,-1.0,3883.0,2022-09-19 00:58:03
2022-09-19 00:58:07,1,1.0,3883.25,2022-09-19 00:58:07
2022-09-19 00:58:08,2,-1.0,3883.0,2022-09-19 00:58:08
2022-09-19 00:58:09,1,1.0,3883.25,2022-09-19 00:58:09
2022-09-19 00:58:11,1,1.0,3883.25,2022-09-19 00:58:11
2022-09-19 00:58:13,1,-1.0,3883.0,2022-09-19 00:58:13
2022-09-19 00:58:21,1,1.0,3883.25,2022-09-19 00:58:21
2022-09-19 00:58:39,15,-1.0,3883.0,2022-09-19 00:58:39
2022-09-19 00:58:43,2,1.0,3883.0,2022-09-19 00:58:43
2022-09-19 00:58:45,2,-1.0,3882.75,2022-09-19 00:58:45
2022-09-19 00:59:27,10,-1.0,3882.75,2022-09-19 00:59:27
2022-09-19 00:59:31,2,-1.0,3882.5,2022-09-19 00:59:31
2022-09-19 00:59:34,15,1.0,3882.75,2022-09-19 00:59:34
2022-09-19 00:59:35,2,1.0,3882.75,2022-09-19 00:59:35
2022-09-19 00:59:38,1,-1.0,3882.5,2022-09-19 00:59:38
2022-09-19 00:59:52,1,-1.0,3882.5,2022-09-19 00:59:52
2022-09-19 00:59:54,1,1.0,3882.75,2022-09-19 00:59:54
2022-09-19 01:00:01,1,1.0,3882.75,2022-09-19 01:00:01
2022-09-19 01:00:02,8,-1.0,3882.5,2022-09-19 01:00:02
2022-09-19 01:00:04,4,1.0,3882.5,2022-09-19 01:00:04
2022-09-19 01:00:05,1,1.0,3882.75,2022-09-19 01:00:05
2022-09-19 01:00:06,2,1.0,3882.5,2022-09-19 01:00:06
2022-09-19 01:00:07,5,1.0,3882.5,2022-09-19 01:00:07
2022-09-19 01:00:08,25,1.0,3882.5,2022-09-19 01:00:08
2022-09-19 01:00:15,3,-1.0,3882.25,2022-09-19 01:00:15
2022-09-19 01:00:30,22,1.0,3882.25,2022-09-19 01:00:30
2022-09-19 01:00:31,1,-1.0,3882.25,2022-09-19 01:00:31
2022-09-19 01:00:32,1,-1.0,3882.25,2022-09-19 01:00:32
2022-09-19 01:00:37,6,-1.0,3882.0,2022-09-19 01:00:37
2022-09-19 01:00:48,8,1.0,3882.0,2022-09-19 01:00:48
2022-09-19 01:00:50,3,1.0,3882.0,2022-09-19 01:00:50
2022-09-19 01:00:56,6,1.0,3882.25,2022-09-19 01:00:56
2022-09-19 01:00:59,4,-1.0,3882.0,2022-09-19 01:00:59
2022-09-19 01:01:03,46,1.0,3882.0,2022-09-19 01:01:03
2022-09-19 01:01:07,2,1.0,3882.0,2022-09-19 01:01:07
2022-09-19 01:01:08,17,1.0,3882.25,2022-09-19 01:01:08
2022-09-19 01:01:09,1,1.0,3882.25,2022-09-19 01:01:09
2022-09-19 01:01:11,26,1.0,3882.5,2022-09-19 01:01:11
2022-09-19 01:01:17,1,-1.0,3882.25,2022-09-19 01:01:17
2022-09-19 01:01:19,1,-1.0,3882.25,2022-09-19 01:01:19
2022-09-19 01:01:21,3,-1.0,3882.25,2022-09-19 01:01:21
2022-09-19 01:01:27,16,1.0,3882.5,2022-09-19 01:01:27
2022-09-19 01:01:28,6,1.0,3882.5,2022-09-19 01:01:28
2022-09-19 01:01:29,1,1.0,3882.5,2022-09-19 01:01:29
2022-09-19 01:01:31,8,-1.0,3882.25,2022-09-19 01:01:31
2022-09-19 01:01:44,1,-1.0,3882.0,2022-09-19 01:01:44
2022-09-19 01:01:48,13,-1.0,3882.0,2022-09-19 01:01:48
2022-09-19 01:01:51,12,1.0,3881.75,2022-09-19 01:01:51
2022-09-19 01:01:53,2,1.0,3881.75,2022-09-19 01:01:53
2022-09-19 01:01:57,7,1.0,3881.75,2022-09-19 01:01:57
2022-09-19 01:01:58,1,-1.0,3881.5,2022-09-19 01:01:58
2022-09-19 01:01:59,1,1.0,3881.75,2022-09-19 01:01:59
2022-09-19 01:02:03,3,-1.0,3881.5,2022-09-19 01:02:03
2022-09-19 01:02:04,10,1.0,3881.75,2022-09-19 01:02:04
2022-09-19 01:02:10,1,-1.0,3881.5,2022-09-19 01:02:10
2022-09-19 01:02:12,1,1.0,3881.75,2022-09-19 01:02:12
2022-09-19 01:02:18,2,-1.0,3881.75,2022-09-19 01:02:18
2022-09-19 01:02:25,1,-1.0,3881.75,2022-09-19 01:02:25
2022-09-19 01:02:26,1,1.0,3881.75,2022-09-19 01:02:26
2022-09-19 01:02:35,1,1.0,3881.75,2022-09-19 01:02:35
2022-09-19 01:02:40,1,1.0,3881.75,2022-09-19 01:02:40
2022-09-19 01:02:45,2,1.0,3881.75,2022-09-19 01:02:45
2022-09-19 01:02:47,1,1.0,3881.75,2022-09-19 01:02:47
2022-09-19 01:02:56,1,-1.0,3881.5,2022-09-19 01:02:56
2022-09-19 01:02:59,24,1.0,3881.5,2022-09-19 01:02:59
2022-09-19 01:03:01,1,-1.0,3881.25,2022-09-19 01:03:01
2022-09-19 01:03:03,13,-1.0,3881.25,2022-09-19 01:03:03
2022-09-19 01:03:04,2,1.0,3881.5,2022-09-19 01:03:04
2022-09-19 01:03:05,1,-1.0,3881.25,2022-09-19 01:03:05
2022-09-19 01:03:06,2,1.0,3881.5,2022-09-19 01:03:06
2022-09-19 01:03:07,1,-1.0,3881.25,2022-09-19 01:03:07
2022-09-19 01:03:08,18,1.0,3881.25,2022-09-19 01:03:08
2022-09-19 01:03:10,1,1.0,3881.25,2022-09-19 01:03:10
2022-09-19 01:03:11,3,1.0,3881.25,2022-09-19 01:03:11
2022-09-19 01:03:20,17,-1.0,3881.0,2022-09-19 01:03:20
2022-09-19 01:03:21,1,-1.0,3881.0,2022-09-19 01:03:21
2022-09-19 01:03:22,1,-1.0,3881.0,2022-09-19 01:03:22
2022-09-19 01:03:24,1,-1.0,3881.0,2022-09-19 01:03:24
2022-09-19 01:03:26,31,1.0,3881.5,2022-09-19 01:03:26
2022-09-19 01:03:27,1,-1.0,3881.5,2022-09-19 01:03:27
2022-09-19 01:03:30,21,1.0,3882.0,2022-09-19 01:03:30
2022-09-19 01:03:35,2,-1.0,3881.5,2022-09-19 01:03:35
2022-09-19 01:03:39,1,1.0,3881.75,2022-09-19 01:03:39
2022-09-19 01:03:40,6,1.0,3881.75,2022-09-19 01:03:40
2022-09-19 01:03:41,1,-1.0,3881.5,2022-09-19 01:03:41
2022-09-19 01:03:43,1,1.0,3881.75,2022-09-19 01:03:43
2022-09-19 01:03:49,1,-1.0,3881.75,2022-09-19 01:03:49
2022-09-19 01:03:51,2,-1.0,3881.75,2022-09-19 01:03:51
2022-09-19 01:03:54,1,-1.0,3881.75,2022-09-19 01:03:54
2022-09-19 01:03:55,1,1.0,3881.75,2022-09-19 01:03:55
2022-09-19 01:04:00,5,1.0,3882.0,2022-09-19 01:04:00
2022-09-19 01:04:01,1,-1.0,3881.75,2022-09-19 01:04:01
2022-09-19 01:04:03,15,-1.0,3882.0,2022-09-19 01:04:03
2022-09-19 01:04:04,6,1.0,3882.0,2022-09-19 01:04:04
2022-09-19 01:04:06,5,1.0,3882.0,2022-09-19 01:04:06
2022-09-19 01:04:07,1,1.0,3882.0,2022-09-19 01:04:07
2022-09-19 01:04:11,3,1.0,3882.0,2022-09-19 01:04:11
2022-09-19 01:04:14,1,-1.0,3881.75,2022-09-19 01:04:14
2022-09-19 01:04:15,6,1.0,3882.0,2022-09-19 01:04:15
2022-09-19 01:04:20,1,-1.0,3881.75,2022-09-19 01:04:20
2022-09-19 01:04:21,1,-1.0,3881.75,2022-09-19 01:04:21
2022-09-19 01:04:26,1,1.0,3881.75,2022-09-19 01:04:26
2022-09-19 01:04:29,1,-1.0,3881.5,2022-09-19 01:04:29
2022-09-19 01:04:33,35,-1.0,3881.5,2022-09-19 01:04:33
2022-09-19 01:04:35,1,1.0,3881.5,2022-09-19 01:04:35
2022-09-19 01:04:37,1,1.0,3881.5,2022-09-19 01:04:37
2022-09-19 01:04:41,11,1.0,3881.5,2022-09-19 01:04:41
2022-09-19 01:04:42,3,1.0,3881.75,2022-09-19 01:04:42
2022-09-19 01:04:55,3,1.0,3881.5,2022-09-19 01:04:55
2022-09-19 01:05:01,5,1.0,3881.75,2022-09-19 01:05:01
2022-09-19 01:05:04,2,-1.0,3881.75,2022-09-19 01:05:04
2022-09-19 01:05:08,1,-1.0,3881.75,2022-09-19 01:05:08
2022-09-19 01:05:09,7,-1.0,3881.75,2022-09-19 01:05:09
2022-09-19 01:05:10,7,-1.0,3881.5,2022-09-19 01:05:10
2022-09-19 01:05:11,6,1.0,3881.75,2022-09-19 01:05:11
2022-09-19 01:05:18,1,-1.0,3881.75,2022-09-19 01:05:18
2022-09-19 01:05:21,1,1.0,3881.75,2022-09-19 01:05:21
2022-09-19 01:05:25,2,1.0,3881.75,2022-09-19 01:05:25
2022-09-19 01:05:34,1,-1.0,3881.5,2022-09-19 01:05:34
2022-09-19 01:05:46,1,1.0,3881.75,2022-09-19 01:05:46
2022-09-19 01:05:47,1,1.0,3881.75,2022-09-19 01:05:47
2022-09-19 01:06:02,2,1.0,3881.75,2022-09-19 01:06:02
2022-09-19 01:06:03,2,-1.0,3881.5,2022-09-19 01:06:03
2022-09-19 01:06:10,1,1.0,3881.75,2022-09-19 01:06:10
2022-09-19 01:06:12,4,-1.0,3881.5,2022-09-19 01:06:12
2022-09-19 01:06:15,1,-1.0,3881.75,2022-09-19 01:06:15
2022-09-19 01:06:23,3,1.0,3881.75,2022-09-19 01:06:23
2022-09-19 01:06:26,1,1.0,3881.75,2022-09-19 01:06:26
2022-09-19 01:06:31,2,1.0,3882.0,2022-09-19 01:06:31
2022-09-19 01:06:37,1,1.0,3882.0,2022-09-19 01:06:37
2022-09-19 01:06:40,7,1.0,3882.0,2022-09-19 01:06:40
2022-09-19 01:06:41,1,1.0,3882.25,2022-09-19 01:06:41
2022-09-19 01:06:43,2,-1.0,3882.0,2022-09-19 01:06:43
2022-09-19 01:06:51,1,1.0,3882.0,2022-09-19 01:06:51
2022-09-19 01:06:55,2,-1.0,3882.0,2022-09-19 01:06:55
2022-09-19 01:07:01,2,1.0,3882.0,2022-09-19 01:07:01
2022-09-19 01:07:03,2,-1.0,3881.75,2022-09-19 01:07:03
2022-09-19 01:07:04,1,-1.0,3881.75,2022-09-19 01:07:04
2022-09-19 01:07:10,6,-1.0,3881.5,2022-09-19 01:07:10
2022-09-19 01:07:12,1,1.0,3881.75,2022-09-19 01:07:12
2022-09-19 01:07:16,3,1.0,3881.75,2022-09-19 01:07:16
2022-09-19 01:07:35,1,1.0,3881.75,2022-09-19 01:07:35
2022-09-19 01:07:36,1,1.0,3881.75,2022-09-19 01:07:36
2022-09-19 01:07:42,2,-1.0,3881.75,2022-09-19 01:07:42
2022-09-19 01:08:02,1,1.0,3882.0,2022-09-19 01:08:02
2022-09-19 01:08:04,4,1.0,3882.0,2022-09-19 01:08:04
2022-09-19 01:08:05,2,1.0,3882.0,2022-09-19 01:08:05
2022-09-19 01:08:08,1,-1.0,3882.0,2022-09-19 01:08:08
2022-09-19 01:08:22,18,1.0,3882.25,2022-09-19 01:08:22
2022-09-19 01:08:23,21,1.0,3882.5,2022-09-19 01:08:23
2022-09-19 01:08:24,25,1.0,3882.5,2022-09-19 01:08:24
2022-09-19 01:08:25,41,1.0,3883.0,2022-09-19 01:08:25
2022-09-19 01:08:26,1,-1.0,3882.75,2022-09-19 01:08:26
2022-09-19 01:08:27,11,1.0,3883.0,2022-09-19 01:08:27
2022-09-19 01:08:28,1,-1.0,3882.75,2022-09-19 01:08:28
2022-09-19 01:08:30,3,1.0,3883.0,2022-09-19 01:08:30
2022-09-19 01:08:31,1,-1.0,3882.75,2022-09-19 01:08:31
2022-09-19 01:08:38,1,1.0,3883.0,2022-09-19 01:08:38
2022-09-19 01:08:40,1,-1.0,3882.75,2022-09-19 01:08:40
2022-09-19 01:08:44,11,1.0,3883.0,2022-09-19 01:08:44
2022-09-19 01:08:46,1,1.0,3883.25,2022-09-19 01:08:46
2022-09-19 01:08:47,1,1.0,3883.25,2022-09-19 01:08:47
2022-09-19 01:08:48,1,1.0,3883.25,2022-09-19 01:08:48
2022-09-19 01:08:54,11,1.0,3883.0,2022-09-19 01:08:54
2022-09-19 01:08:55,1,1.0,3883.0,2022-09-19 01:08:55
2022-09-19 01:08:57,5,-1.0,3882.75,2022-09-19 01:08:57
2022-09-19 01:09:03,13,-1.0,3882.5,2022-09-19 01:09:03
2022-09-19 01:09:04,1,-1.0,3882.5,2022-09-19 01:09:04
2022-09-19 01:09:07,2,-1.0,3882.5,2022-09-19 01:09:07
2022-09-19 01:09:08,1,-1.0,3882.25,2022-09-19 01:09:08
2022-09-19 01:09:11,3,-1.0,3882.25,2022-09-19 01:09:11
2022-09-19 01:09:14,12,-1.0,3882.25,2022-09-19 01:09:14
2022-09-19 01:09:16,2,1.0,3882.25,2022-09-19 01:09:16
2022-09-19 01:09:19,3,-1.0,3882.0,2022-09-19 01:09:19
2022-09-19 01:09:23,1,1.0,3882.25,2022-09-19 01:09:23
2022-09-19 01:09:25,3,1.0,3882.25,2022-09-19 01:09:25
2022-09-19 01:09:26,1,-1.0,3882.25,2022-09-19 01:09:26
2022-09-19 01:09:35,2,1.0,3882.25,2022-09-19 01:09:35
2022-09-19 01:09:42,1,-1.0,3882.0,2022-09-19 01:09:42
2022-09-19 01:09:59,4,1.0,3882.5,2022-09-19 01:09:59
2022-09-19 01:10:01,1,-1.0,3882.25,2022-09-19 01:10:01
2022-09-19 01:10:05,2,1.0,3882.5,2022-09-19 01:10:05
2022-09-19 01:10:06,5,-1.0,3882.25,2022-09-19 01:10:06
2022-09-19 01:10:07,1,1.0,3882.5,2022-09-19 01:10:07
2022-09-19 01:10:17,21,1.0,3882.5,2022-09-19 01:10:17
2022-09-19 01:10:18,39,2.0,3883.0,2022-09-19 01:10:18
2022-09-19 01:10:20,1,-1.0,3882.75,2022-09-19 01:10:20
2022-09-19 01:10:21,4,1.0,3883.0,2022-09-19 01:10:21
2022-09-19 01:10:25,1,-1.0,3882.75,2022-09-19 01:10:25
2022-09-19 01:10:27,4,1.0,3883.0,2022-09-19 01:10:27
2022-09-19 01:10:31,1,-1.0,3882.75,2022-09-19 01:10:31
2022-09-19 01:10:35,3,1.0,3883.0,2022-09-19 01:10:35
2022-09-19 01:10:37,1,-1.0,3882.75,2022-09-19 01:10:37
2022-09-19 01:10:44,1,1.0,3883.0,2022-09-19 01:10:44
2022-09-19 01:10:49,3,1.0,3883.0,2022-09-19 01:10:49
2022-09-19 01:10:52,5,1.0,3883.25,2022-09-19 01:10:52
2022-09-19 01:10:55,3,-1.0,3883.0,2022-09-19 01:10:55
2022-09-19 01:10:58,2,1.0,3883.25,2022-09-19 01:10:58
2022-09-19 01:11:01,2,1.0,3883.25,2022-09-19 01:11:01
2022-09-19 01:11:03,13,1.0,3883.25,2022-09-19 01:11:03
2022-09-19 01:11:05,1,1.0,3883.25,2022-09-19 01:11:05
2022-09-19 01:11:07,2,-1.0,3883.25,2022-09-19 01:11:07
2022-09-19 01:11:12,37,2.0,3883.75,2022-09-19 01:11:12
2022-09-19 01:11:18,1,-1.0,3883.25,2022-09-19 01:11:18
2022-09-19 01:11:29,1,1.0,3883.5,2022-09-19 01:11:29
2022-09-19 01:11:30,3,1.0,3883.5,2022-09-19 01:11:30
2022-09-19 01:11:37,10,-1.0,3883.25,2022-09-19 01:11:37
2022-09-19 01:11:42,3,-1.0,3883.0,2022-09-19 01:11:42
2022-09-19 01:11:44,5,1.0,3883.0,2022-09-19 01:11:44
2022-09-19 01:11:53,15,-1.0,3882.75,2022-09-19 01:11:53
2022-09-19 01:11:56,14,-1.0,3882.5,2022-09-19 01:11:56
2022-09-19 01:12:00,3,-1.0,3882.25,2022-09-19 01:12:00
2022-09-19 01:12:01,3,-1.0,3882.0,2022-09-19 01:12:01
2022-09-19 01:12:02,1,-1.0,3882.0,2022-09-19 01:12:02
2022-09-19 01:12:03,9,1.0,3882.5,2022-09-19 01:12:03
2022-09-19 01:12:04,1,1.0,3882.5,2022-09-19 01:12:04
2022-09-19 01:12:05,3,-1.0,3882.25,2022-09-19 01:12:05
2022-09-19 01:12:09,10,1.0,3882.5,2022-09-19 01:12:09
2022-09-19 01:12:12,2,1.0,3882.5,2022-09-19 01:12:12
2022-09-19 01:12:16,16,2.0,3882.5,2022-09-19 01:12:16
2022-09-19 01:12:23,4,-1.0,3882.25,2022-09-19 01:12:23
2022-09-19 01:12:33,5,1.0,3882.25,2022-09-19 01:12:33
2022-09-19 01:12:40,46,-1.0,3882.0,2022-09-19 01:12:40
2022-09-19 01:12:41,2,1.0,3881.5,2022-09-19 01:12:41
2022-09-19 01:12:43,16,1.0,3881.5,2022-09-19 01:12:43
2022-09-19 01:12:44,1,1.0,3881.5,2022-09-19 01:12:44
2022-09-19 01:12:46,3,1.0,3881.5,2022-09-19 01:12:46
2022-09-19 01:12:48,1,1.0,3881.5,2022-09-19 01:12:48
2022-09-19 01:12:51,29,1.0,3881.5,2022-09-19 01:12:51
2022-09-19 01:12:52,4,1.0,3881.25,2022-09-19 01:12:52
2022-09-19 01:12:53,2,1.0,3881.25,2022-09-19 01:12:53
2022-09-19 01:12:54,2,1.0,3881.25,2022-09-19 01:12:54
2022-09-19 01:13:03,31,-1.0,3881.0,2022-09-19 01:13:03
2022-09-19 01:13:06,25,1.0,3881.5,2022-09-19 01:13:06
2022-09-19 01:13:08,7,1.0,3881.75,2022-09-19 01:13:08
2022-09-19 01:13:11,6,1.0,3881.5,2022-09-19 01:13:11
2022-09-19 01:13:13,1,-1.0,3881.5,2022-09-19 01:13:13
2022-09-19 01:13:22,2,-1.0,3881.5,2022-09-19 01:13:22
2022-09-19 01:13:32,15,2.0,3882.25,2022-09-19 01:13:32
2022-09-19 01:13:33,2,1.0,3882.25,2022-09-19 01:13:33
2022-09-19 01:13:34,1,1.0,3882.25,2022-09-19 01:13:34
2022-09-19 01:13:35,1,1.0,3882.5,2022-09-19 01:13:35
2022-09-19 01:13:37,2,1.0,3882.75,2022-09-19 01:13:37
2022-09-19 01:13:38,4,1.0,3883.0,2022-09-19 01:13:38
2022-09-19 01:13:39,1,-1.0,3882.75,2022-09-19 01:13:39
2022-09-19 01:13:42,11,1.0,3883.0,2022-09-19 01:13:42
2022-09-19 01:13:43,4,1.0,3883.25,2022-09-19 01:13:43
2022-09-19 01:13:44,3,1.0,3883.0,2022-09-19 01:13:44
2022-09-19 01:13:45,5,-1.0,3883.0,2022-09-19 01:13:45
2022-09-19 01:13:46,3,1.0,3882.75,2022-09-19 01:13:46
2022-09-19 01:13:49,4,1.0,3882.75,2022-09-19 01:13:49
2022-09-19 01:13:51,10,1.0,3883.0,2022-09-19 01:13:51
2022-09-19 01:14:03,20,-1.0,3882.75,2022-09-19 01:14:03
2022-09-19 01:14:08,12,1.0,3882.75,2022-09-19 01:14:08
2022-09-19 01:14:11,1,-1.0,3882.75,2022-09-19 01:14:11
2022-09-19 01:14:12,1,-1.0,3882.75,2022-09-19 01:14:12
2022-09-19 01:14:15,1,-1.0,3882.75,2022-09-19 01:14:15
2022-09-19 01:14:19,1,-1.0,3882.75,2022-09-19 01:14:19
2022-09-19 01:14:21,2,1.0,3883.0,2022-09-19 01:14:21
2022-09-19 01:14:22,1,-1.0,3882.75,2022-09-19 01:14:22
2022-09-19 01:14:27,6,1.0,3883.0,2022-09-19 01:14:27
2022-09-19 01:15:00,11,1.0,3883.25,2022-09-19 01:15:00
2022-09-19 01:15:03,4,-1.0,3883.25,2022-09-19 01:15:03
2022-09-19 01:15:04,2,1.0,3883.25,2022-09-19 01:15:04
2022-09-19 01:15:06,2,-1.0,3883.0,2022-09-19 01:15:06
2022-09-19 01:15:08,2,1.0,3883.25,2022-09-19 01:15:08
2022-09-19 01:15:23,2,1.0,3883.5,2022-09-19 01:15:23
2022-09-19 01:15:25,1,-1.0,3883.25,2022-09-19 01:15:25
2022-09-19 01:15:27,1,-1.0,3883.25,2022-09-19 01:15:27
2022-09-19 01:15:34,9,1.0,3883.25,2022-09-19 01:15:34
2022-09-19 01:15:35,4,1.0,3883.25,2022-09-19 01:15:35
2022-09-19 01:15:38,1,1.0,3883.25,2022-09-19 01:15:38
2022-09-19 01:15:43,1,1.0,3883.5,2022-09-19 01:15:43
2022-09-19 01:15:48,1,-1.0,3883.25,2022-09-19 01:15:48
2022-09-19 01:16:03,1,-1.0,3883.0,2022-09-19 01:16:03
2022-09-19 01:16:10,2,1.0,3883.25,2022-09-19 01:16:10
2022-09-19 01:16:11,2,-1.0,3883.25,2022-09-19 01:16:11
2022-09-19 01:16:13,1,-1.0,3883.25,2022-09-19 01:16:13
2022-09-19 01:16:17,1,1.0,3883.25,2022-09-19 01:16:17
2022-09-19 01:16:30,1,1.0,3883.25,2022-09-19 01:16:30
2022-09-19 01:16:38,8,1.0,3883.25,2022-09-19 01:16:38
2022-09-19 01:16:39,4,-1.0,3883.25,2022-09-19 01:16:39
2022-09-19 01:16:50,7,1.0,3883.25,2022-09-19 01:16:50
2022-09-19 01:16:56,1,-1.0,3883.0,2022-09-19 01:16:56
2022-09-19 01:17:04,11,1.0,3883.0,2022-09-19 01:17:04
2022-09-19 01:17:08,1,-1.0,3882.75,2022-09-19 01:17:08
2022-09-19 01:17:16,2,-1.0,3882.75,2022-09-19 01:17:16
2022-09-19 01:17:17,1,-1.0,3882.75,2022-09-19 01:17:17
2022-09-19 01:17:22,4,1.0,3883.0,2022-09-19 01:17:22
2022-09-19 01:17:25,2,-1.0,3883.0,2022-09-19 01:17:25
2022-09-19 01:17:26,1,-1.0,3883.0,2022-09-19 01:17:26
2022-09-19 01:17:29,1,1.0,3883.0,2022-09-19 01:17:29
2022-09-19 01:17:31,2,1.0,3883.0,2022-09-19 01:17:31
2022-09-19 01:17:33,1,-1.0,3883.0,2022-09-19 01:17:33
2022-09-19 01:17:36,3,-1.0,3883.0,2022-09-19 01:17:36
2022-09-19 01:17:41,1,-1.0,3883.0,2022-09-19 01:17:41
2022-09-19 01:17:42,1,-1.0,3883.0,2022-09-19 01:17:42
2022-09-19 01:17:47,1,1.0,3883.0,2022-09-19 01:17:47
2022-09-19 01:17:50,2,1.0,3883.25,2022-09-19 01:17:50
2022-09-19 01:17:53,1,1.0,3883.25,2022-09-19 01:17:53
2022-09-19 01:17:54,1,-1.0,3883.0,2022-09-19 01:17:54
2022-09-19 01:18:04,1,1.0,3883.25,2022-09-19 01:18:04
2022-09-19 01:18:11,19,1.0,3883.25,2022-09-19 01:18:11
2022-09-19 01:18:13,3,1.0,3883.5,2022-09-19 01:18:13
2022-09-19 01:18:17,12,1.0,3883.5,2022-09-19 01:18:17
2022-09-19 01:18:18,9,1.0,3883.75,2022-09-19 01:18:18
2022-09-19 01:18:19,146,2.0,3884.5,2022-09-19 01:18:19
2022-09-19 01:18:20,2,-1.0,3884.25,2022-09-19 01:18:20
2022-09-19 01:18:22,6,1.0,3884.5,2022-09-19 01:18:22
2022-09-19 01:18:23,1,1.0,3884.5,2022-09-19 01:18:23
2022-09-19 01:18:25,1,1.0,3884.5,2022-09-19 01:18:25
2022-09-19 01:18:26,2,1.0,3884.5,2022-09-19 01:18:26
2022-09-19 01:18:28,1,1.0,3884.5,2022-09-19 01:18:28
2022-09-19 01:18:29,3,1.0,3884.5,2022-09-19 01:18:29
2022-09-19 01:18:30,3,1.0,3884.5,2022-09-19 01:18:30
2022-09-19 01:18:31,1,1.0,3884.5,2022-09-19 01:18:31
2022-09-19 01:18:42,173,1.0,3885.0,2022-09-19 01:18:42
2022-09-19 01:18:43,11,-1.0,3884.75,2022-09-19 01:18:43
2022-09-19 01:18:44,11,1.0,3884.75,2022-09-19 01:18:44
2022-09-19 01:18:49,5,2.0,3885.0,2022-09-19 01:18:49
2022-09-19 01:18:51,1,1.0,3884.75,2022-09-19 01:18:51
2022-09-19 01:18:52,1,1.0,3884.75,2022-09-19 01:18:52
2022-09-19 01:18:55,11,1.0,3884.5,2022-09-19 01:18:55
2022-09-19 01:18:58,7,1.0,3884.25,2022-09-19 01:18:58
2022-09-19 01:19:00,2,-1.0,3884.25,2022-09-19 01:19:00
2022-09-19 01:19:03,24,1.0,3884.0,2022-09-19 01:19:03
2022-09-19 01:19:04,1,1.0,3884.0,2022-09-19 01:19:04
2022-09-19 01:19:05,1,-1.0,3883.75,2022-09-19 01:19:05
2022-09-19 01:19:06,2,1.0,3883.75,2022-09-19 01:19:06
2022-09-19 01:19:09,1,1.0,3884.0,2022-09-19 01:19:09
2022-09-19 01:19:10,4,1.0,3884.0,2022-09-19 01:19:10
2022-09-19 01:19:15,2,-1.0,3884.0,2022-09-19 01:19:15
2022-09-19 01:19:16,4,1.0,3884.0,2022-09-19 01:19:16
2022-09-19 01:19:17,2,1.0,3884.0,2022-09-19 01:19:17
2022-09-19 01:19:18,1,1.0,3884.25,2022-09-19 01:19:18
2022-09-19 01:19:20,1,1.0,3884.0,2022-09-19 01:19:20
2022-09-19 01:19:21,1,1.0,3884.25,2022-09-19 01:19:21
2022-09-19 01:19:26,12,1.0,3884.0,2022-09-19 01:19:26
2022-09-19 01:19:28,2,-1.0,3884.0,2022-09-19 01:19:28
2022-09-19 01:19:37,2,-1.0,3884.0,2022-09-19 01:19:37
2022-09-19 01:19:39,1,1.0,3884.0,2022-09-19 01:19:39
2022-09-19 01:19:43,1,1.0,3884.0,2022-09-19 01:19:43
2022-09-19 01:19:52,2,1.0,3884.0,2022-09-19 01:19:52
2022-09-19 01:19:56,1,1.0,3884.25,2022-09-19 01:19:56
2022-09-19 01:19:57,2,1.0,3884.25,2022-09-19 01:19:57
2022-09-19 01:19:59,1,-1.0,3884.25,2022-09-19 01:19:59
2022-09-19 01:20:00,7,-1.0,3884.0,2022-09-19 01:20:00
2022-09-19 01:20:02,63,2.0,3884.75,2022-09-19 01:20:02
2022-09-19 01:20:05,5,1.0,3884.75,2022-09-19 01:20:05
2022-09-19 01:20:06,60,1.0,3885.0,2022-09-19 01:20:06
2022-09-19 01:20:07,6,1.0,3884.75,2022-09-19 01:20:07
2022-09-19 01:20:09,1,1.0,3884.75,2022-09-19 01:20:09
2022-09-19 01:20:10,2,1.0,3885.0,2022-09-19 01:20:10
2022-09-19 01:20:11,2,-1.0,3884.75,2022-09-19 01:20:11
2022-09-19 01:20:13,2,-1.0,3884.75,2022-09-19 01:20:13
2022-09-19 01:20:14,8,1.0,3885.0,2022-09-19 01:20:14
2022-09-19 01:20:16,2,-1.0,3884.75,2022-09-19 01:20:16
2022-09-19 01:20:17,7,1.0,3885.0,2022-09-19 01:20:17
2022-09-19 01:20:19,1,1.0,3885.0,2022-09-19 01:20:19
2022-09-19 01:20:20,1,-1.0,3884.75,2022-09-19 01:20:20
2022-09-19 01:20:23,2,-1.0,3884.75,2022-09-19 01:20:23
2022-09-19 01:20:27,1,1.0,3884.75,2022-09-19 01:20:27
2022-09-19 01:20:28,4,-1.0,3884.75,2022-09-19 01:20:28
2022-09-19 01:20:31,5,-1.0,3884.5,2022-09-19 01:20:31
2022-09-19 01:20:32,4,1.0,3884.75,2022-09-19 01:20:32
2022-09-19 01:20:35,1,-1.0,3884.5,2022-09-19 01:20:35
2022-09-19 01:20:37,5,1.0,3884.5,2022-09-19 01:20:37
2022-09-19 01:20:38,1,1.0,3884.5,2022-09-19 01:20:38
2022-09-19 01:20:44,2,1.0,3884.5,2022-09-19 01:20:44
2022-09-19 01:20:46,1,-1.0,3884.5,2022-09-19 01:20:46
2022-09-19 01:20:51,1,-1.0,3884.5,2022-09-19 01:20:51
2022-09-19 01:20:53,12,1.0,3884.75,2022-09-19 01:20:53
2022-09-19 01:21:00,3,-1.0,3884.75,2022-09-19 01:21:00
2022-09-19 01:21:02,1,1.0,3884.75,2022-09-19 01:21:02
2022-09-19 01:21:03,4,-1.0,3884.75,2022-09-19 01:21:03
2022-09-19 01:21:06,1,-1.0,3884.75,2022-09-19 01:21:06
2022-09-19 01:21:08,17,1.0,3885.0,2022-09-19 01:21:08
2022-09-19 01:21:09,1,1.0,3885.0,2022-09-19 01:21:09
2022-09-19 01:21:10,3,-1.0,3884.75,2022-09-19 01:21:10
2022-09-19 01:21:12,1,1.0,3885.0,2022-09-19 01:21:12
2022-09-19 01:21:19,1,-1.0,3884.75,2022-09-19 01:21:19
2022-09-19 01:21:23,10,-1.0,3884.75,2022-09-19 01:21:23
2022-09-19 01:21:27,1,1.0,3884.75,2022-09-19 01:21:27
2022-09-19 01:21:28,1,-1.0,3884.5,2022-09-19 01:21:28
2022-09-19 01:21:32,8,1.0,3884.75,2022-09-19 01:21:32
2022-09-19 01:21:35,3,1.0,3884.75,2022-09-19 01:21:35
2022-09-19 01:21:37,14,-1.0,3884.5,2022-09-19 01:21:37
2022-09-19 01:21:47,5,1.0,3884.5,2022-09-19 01:21:47
2022-09-19 01:21:57,1,-1.0,3884.5,2022-09-19 01:21:57
2022-09-19 01:21:59,1,1.0,3884.5,2022-09-19 01:21:59
2022-09-19 01:22:02,6,-1.0,3884.25,2022-09-19 01:22:02
2022-09-19 01:22:03,6,1.0,3884.25,2022-09-19 01:22:03
2022-09-19 01:22:11,12,1.0,3884.0,2022-09-19 01:22:11
2022-09-19 01:22:12,1,1.0,3884.0,2022-09-19 01:22:12
2022-09-19 01:22:17,2,-1.0,3883.75,2022-09-19 01:22:17
2022-09-19 01:22:22,1,1.0,3884.0,2022-09-19 01:22:22
2022-09-19 01:22:24,1,1.0,3884.0,2022-09-19 01:22:24
2022-09-19 01:22:31,6,1.0,3884.25,2022-09-19 01:22:31
2022-09-19 01:22:33,4,-1.0,3884.0,2022-09-19 01:22:33
2022-09-19 01:22:40,1,1.0,3884.0,2022-09-19 01:22:40
2022-09-19 01:22:47,1,1.0,3884.0,2022-09-19 01:22:47
2022-09-19 01:22:48,1,-1.0,3883.75,2022-09-19 01:22:48
2022-09-19 01:22:53,12,1.0,3883.75,2022-09-19 01:22:53
2022-09-19 01:23:01,2,-1.0,3883.5,2022-09-19 01:23:01
2022-09-19 01:23:03,25,1.0,3883.5,2022-09-19 01:23:03
2022-09-19 01:23:04,11,-1.0,3883.25,2022-09-19 01:23:04
2022-09-19 01:23:05,1,1.0,3883.5,2022-09-19 01:23:05
2022-09-19 01:23:09,19,1.0,3883.5,2022-09-19 01:23:09
2022-09-19 01:23:29,1,1.0,3883.75,2022-09-19 01:23:29
2022-09-19 01:23:42,1,1.0,3883.75,2022-09-19 01:23:42
2022-09-19 01:23:50,14,2.0,3884.0,2022-09-19 01:23:50
2022-09-19 01:23:52,1,1.0,3883.75,2022-09-19 01:23:52
2022-09-19 01:24:03,2,-1.0,3883.5,2022-09-19 01:24:03
2022-09-19 01:24:05,1,1.0,3883.75,2022-09-19 01:24:05
2022-09-19 01:24:06,4,1.0,3883.75,2022-09-19 01:24:06
2022-09-19 01:24:12,4,1.0,3883.75,2022-09-19 01:24:12
2022-09-19 01:24:13,4,1.0,3884.0,2022-09-19 01:24:13
2022-09-19 01:24:16,1,-1.0,3884.0,2022-09-19 01:24:16
2022-09-19 01:24:17,1,-1.0,3884.0,2022-09-19 01:24:17
2022-09-19 01:24:19,5,1.0,3884.25,2022-09-19 01:24:19
2022-09-19 01:24:31,7,1.0,3884.5,2022-09-19 01:24:31
2022-09-19 01:24:32,4,1.0,3884.5,2022-09-19 01:24:32
2022-09-19 01:24:33,1,1.0,3884.5,2022-09-19 01:24:33
2022-09-19 01:24:38,1,-1.0,3884.25,2022-09-19 01:24:38
2022-09-19 01:24:40,1,1.0,3884.5,2022-09-19 01:24:40
2022-09-19 01:24:47,2,-1.0,3884.5,2022-09-19 01:24:47
2022-09-19 01:24:55,10,-1.0,3884.25,2022-09-19 01:24:55
2022-09-19 01:24:57,39,1.0,3884.5,2022-09-19 01:24:57
2022-09-19 01:24:59,2,1.0,3884.5,2022-09-19 01:24:59
2022-09-19 01:25:01,3,1.0,3884.5,2022-09-19 01:25:01
2022-09-19 01:25:07,8,-1.0,3884.5,2022-09-19 01:25:07
2022-09-19 01:25:13,1,-1.0,3884.5,2022-09-19 01:25:13
2022-09-19 01:25:17,3,-1.0,3884.25,2022-09-19 01:25:17
2022-09-19 01:25:18,1,-1.0,3884.25,2022-09-19 01:25:18
2022-09-19 01:25:19,2,-1.0,3884.25,2022-09-19 01:25:19
2022-09-19 01:25:22,1,1.0,3884.25,2022-09-19 01:25:22
2022-09-19 01:25:32,10,-1.0,3884.0,2022-09-19 01:25:32
2022-09-19 01:25:34,13,1.0,3883.5,2022-09-19 01:25:34
2022-09-19 01:25:35,3,1.0,3883.75,2022-09-19 01:25:35
2022-09-19 01:25:39,1,-1.0,3883.25,2022-09-19 01:25:39
2022-09-19 01:25:41,14,1.0,3883.25,2022-09-19 01:25:41
2022-09-19 01:25:44,3,1.0,3883.25,2022-09-19 01:25:44
2022-09-19 01:25:45,1,-1.0,3883.25,2022-09-19 01:25:45
2022-09-19 01:25:50,5,1.0,3883.25,2022-09-19 01:25:50
2022-09-19 01:25:51,4,-1.0,3883.25,2022-09-19 01:25:51
2022-09-19 01:25:53,1,1.0,3883.25,2022-09-19 01:25:53
2022-09-19 01:25:55,1,-1.0,3883.0,2022-09-19 01:25:55
2022-09-19 01:25:56,19,1.0,3883.0,2022-09-19 01:25:56
2022-09-19 01:25:57,2,-1.0,3882.75,2022-09-19 01:25:57
2022-09-19 01:25:58,1,-1.0,3882.75,2022-09-19 01:25:58
2022-09-19 01:26:00,1,1.0,3883.0,2022-09-19 01:26:00
2022-09-19 01:26:01,11,1.0,3883.0,2022-09-19 01:26:01
2022-09-19 01:26:04,4,1.0,3883.0,2022-09-19 01:26:04
2022-09-19 01:26:09,1,1.0,3883.0,2022-09-19 01:26:09
2022-09-19 01:26:10,8,1.0,3883.0,2022-09-19 01:26:10
2022-09-19 01:26:11,2,-1.0,3883.0,2022-09-19 01:26:11
2022-09-19 01:26:12,9,1.0,3883.25,2022-09-19 01:26:12
2022-09-19 01:26:15,3,-1.0,3883.25,2022-09-19 01:26:15
2022-09-19 01:26:18,2,1.0,3883.25,2022-09-19 01:26:18
2022-09-19 01:26:21,1,-1.0,3883.0,2022-09-19 01:26:21
2022-09-19 01:26:24,1,-1.0,3882.75,2022-09-19 01:26:24
2022-09-19 01:26:26,1,1.0,3883.0,2022-09-19 01:26:26
2022-09-19 01:26:35,2,-1.0,3883.0,2022-09-19 01:26:35
2022-09-19 01:26:36,1,-1.0,3883.0,2022-09-19 01:26:36
2022-09-19 01:26:42,2,-1.0,3883.0,2022-09-19 01:26:42
2022-09-19 01:26:43,3,-1.0,3883.0,2022-09-19 01:26:43
2022-09-19 01:26:45,2,-1.0,3883.0,2022-09-19 01:26:45
2022-09-19 01:26:48,1,-1.0,3882.75,2022-09-19 01:26:48
2022-09-19 01:26:54,3,-1.0,3882.75,2022-09-19 01:26:54
2022-09-19 01:26:59,2,-1.0,3882.75,2022-09-19 01:26:59
2022-09-19 01:27:04,3,1.0,3883.0,2022-09-19 01:27:04
2022-09-19 01:27:05,3,1.0,3883.0,2022-09-19 01:27:05
2022-09-19 01:27:12,8,-1.0,3882.75,2022-09-19 01:27:12
2022-09-19 01:27:21,3,1.0,3882.75,2022-09-19 01:27:21
2022-09-19 01:27:26,1,1.0,3882.75,2022-09-19 01:27:26
2022-09-19 01:27:37,2,-1.0,3882.5,2022-09-19 01:27:37
2022-09-19 01:27:39,9,2.0,3883.0,2022-09-19 01:27:39
2022-09-19 01:27:41,3,-1.0,3882.75,2022-09-19 01:27:41
2022-09-19 01:27:45,4,1.0,3882.75,2022-09-19 01:27:45
2022-09-19 01:27:53,1,1.0,3883.0,2022-09-19 01:27:53
2022-09-19 01:27:56,4,-1.0,3882.75,2022-09-19 01:27:56
2022-09-19 01:27:59,9,1.0,3883.0,2022-09-19 01:27:59
2022-09-19 01:28:06,4,-1.0,3882.75,2022-09-19 01:28:06
2022-09-19 01:28:08,1,1.0,3882.75,2022-09-19 01:28:08
2022-09-19 01:28:10,2,-1.0,3882.75,2022-09-19 01:28:10
2022-09-19 01:28:17,1,-1.0,3882.5,2022-09-19 01:28:17
2022-09-19 01:28:22,1,-1.0,3882.5,2022-09-19 01:28:22
2022-09-19 01:28:26,15,-1.0,3882.5,2022-09-19 01:28:26
2022-09-19 01:28:50,16,1.0,3882.5,2022-09-19 01:28:50
2022-09-19 01:28:51,1,-1.0,3882.5,2022-09-19 01:28:51
2022-09-19 01:28:56,3,-1.0,3882.5,2022-09-19 01:28:56
2022-09-19 01:29:04,3,1.0,3882.5,2022-09-19 01:29:04
2022-09-19 01:29:05,2,1.0,3882.5,2022-09-19 01:29:05
2022-09-19 01:29:08,1,1.0,3882.5,2022-09-19 01:29:08
2022-09-19 01:29:20,11,1.0,3882.25,2022-09-19 01:29:20
2022-09-19 01:29:24,18,-1.0,3882.0,2022-09-19 01:29:24
2022-09-19 01:29:26,1,1.0,3882.25,2022-09-19 01:29:26
2022-09-19 01:29:27,6,1.0,3882.25,2022-09-19 01:29:27
2022-09-19 01:29:30,8,1.0,3882.25,2022-09-19 01:29:30
2022-09-19 01:29:36,6,-1.0,3882.25,2022-09-19 01:29:36
2022-09-19 01:29:41,5,1.0,3882.25,2022-09-19 01:29:41
2022-09-19 01:29:43,11,1.0,3882.25,2022-09-19 01:29:43
2022-09-19 01:29:45,1,-1.0,3882.25,2022-09-19 01:29:45
2022-09-19 01:30:02,3,1.0,3882.25,2022-09-19 01:30:02
2022-09-19 01:30:03,2,-1.0,3882.25,2022-09-19 01:30:03
2022-09-19 01:30:06,2,-1.0,3882.25,2022-09-19 01:30:06
2022-09-19 01:30:07,3,-1.0,3882.0,2022-09-19 01:30:07
2022-09-19 01:30:10,30,1.0,3882.0,2022-09-19 01:30:10
2022-09-19 01:30:11,11,1.0,3881.75,2022-09-19 01:30:11
2022-09-19 01:30:12,4,-1.0,3881.75,2022-09-19 01:30:12
2022-09-19 01:30:13,3,-1.0,3881.5,2022-09-19 01:30:13
2022-09-19 01:30:16,4,-1.0,3881.5,2022-09-19 01:30:16
2022-09-19 01:30:22,10,-1.0,3881.5,2022-09-19 01:30:22
2022-09-19 01:30:23,2,1.0,3881.75,2022-09-19 01:30:23
2022-09-19 01:30:24,1,1.0,3881.75,2022-09-19 01:30:24
2022-09-19 01:30:26,1,-1.0,3881.5,2022-09-19 01:30:26
2022-09-19 01:30:28,1,-1.0,3881.5,2022-09-19 01:30:28
2022-09-19 01:30:32,5,1.0,3881.75,2022-09-19 01:30:32
2022-09-19 01:30:34,3,1.0,3881.75,2022-09-19 01:30:34
2022-09-19 01:30:40,1,1.0,3881.75,2022-09-19 01:30:40
2022-09-19 01:30:44,15,1.0,3881.5,2022-09-19 01:30:44
2022-09-19 01:30:46,1,-1.0,3881.25,2022-09-19 01:30:46
2022-09-19 01:30:47,3,1.0,3881.75,2022-09-19 01:30:47
2022-09-19 01:30:48,2,1.0,3881.75,2022-09-19 01:30:48
2022-09-19 01:30:53,1,-1.0,3881.75,2022-09-19 01:30:53
2022-09-19 01:30:59,2,-1.0,3881.75,2022-09-19 01:30:59
2022-09-19 01:31:00,6,1.0,3882.0,2022-09-19 01:31:00
2022-09-19 01:31:03,2,-1.0,3882.25,2022-09-19 01:31:03
2022-09-19 01:31:11,1,1.0,3882.5,2022-09-19 01:31:11
2022-09-19 01:31:14,2,1.0,3882.75,2022-09-19 01:31:14
2022-09-19 01:31:22,1,1.0,3883.0,2022-09-19 01:31:22
2022-09-19 01:31:23,2,1.0,3883.0,2022-09-19 01:31:23
2022-09-19 01:31:28,1,1.0,3883.0,2022-09-19 01:31:28
2022-09-19 01:31:31,9,1.0,3883.0,2022-09-19 01:31:31
2022-09-19 01:31:32,7,1.0,3883.0,2022-09-19 01:31:32
2022-09-19 01:31:33,1,-1.0,3883.0,2022-09-19 01:31:33
2022-09-19 01:31:39,10,1.0,3883.0,2022-09-19 01:31:39
2022-09-19 01:31:40,1,-1.0,3883.0,2022-09-19 01:31:40
2022-09-19 01:31:45,3,-1.0,3883.0,2022-09-19 01:31:45
2022-09-19 01:31:57,6,-1.0,3882.75,2022-09-19 01:31:57
2022-09-19 01:32:00,1,-1.0,3882.75,2022-09-19 01:32:00
2022-09-19 01:32:03,12,-1.0,3882.75,2022-09-19 01:32:03
2022-09-19 01:32:08,1,1.0,3882.5,2022-09-19 01:32:08
2022-09-19 01:32:09,1,1.0,3882.5,2022-09-19 01:32:09
2022-09-19 01:32:12,1,-1.0,3882.5,2022-09-19 01:32:12
2022-09-19 01:32:13,1,1.0,3882.5,2022-09-19 01:32:13
2022-09-19 01:32:24,1,-1.0,3882.5,2022-09-19 01:32:24
2022-09-19 01:32:27,3,-1.0,3882.25,2022-09-19 01:32:27
2022-09-19 01:32:28,4,-1.0,3882.25,2022-09-19 01:32:28
2022-09-19 01:32:29,1,-1.0,3882.25,2022-09-19 01:32:29
2022-09-19 01:32:32,9,1.0,3882.5,2022-09-19 01:32:32
2022-09-19 01:32:34,1,1.0,3882.5,2022-09-19 01:32:34
2022-09-19 01:32:35,1,-1.0,3882.5,2022-09-19 01:32:35
2022-09-19 01:32:56,7,1.0,3882.5,2022-09-19 01:32:56
2022-09-19 01:32:57,7,-1.0,3882.25,2022-09-19 01:32:57
2022-09-19 01:32:58,6,-1.0,3882.0,2022-09-19 01:32:58
2022-09-19 01:33:04,3,-1.0,3882.0,2022-09-19 01:33:04
2022-09-19 01:33:11,5,1.0,3882.25,2022-09-19 01:33:11
2022-09-19 01:33:22,3,1.0,3882.25,2022-09-19 01:33:22
2022-09-19 01:33:24,1,-1.0,3882.0,2022-09-19 01:33:24
2022-09-19 01:33:42,2,1.0,3882.25,2022-09-19 01:33:42
2022-09-19 01:33:45,1,1.0,3882.25,2022-09-19 01:33:45
2022-09-19 01:33:49,2,1.0,3882.25,2022-09-19 01:33:49
2022-09-19 01:33:50,5,1.0,3882.25,2022-09-19 01:33:50
2022-09-19 01:33:53,1,1.0,3882.5,2022-09-19 01:33:53
2022-09-19 01:34:03,1,-1.0,3882.5,2022-09-19 01:34:03
2022-09-19 01:34:04,3,-1.0,3882.5,2022-09-19 01:34:04
2022-09-19 01:34:18,1,1.0,3882.5,2022-09-19 01:34:18
2022-09-19 01:34:21,1,1.0,3882.5,2022-09-19 01:34:21
2022-09-19 01:34:32,1,1.0,3882.5,2022-09-19 01:34:32
2022-09-19 01:34:39,3,1.0,3882.5,2022-09-19 01:34:39
2022-09-19 01:34:40,1,-1.0,3882.5,2022-09-19 01:34:40
2022-09-19 01:34:43,1,-1.0,3882.5,2022-09-19 01:34:43
2022-09-19 01:34:56,2,-1.0,3882.25,2022-09-19 01:34:56
2022-09-19 01:35:02,1,1.0,3882.25,2022-09-19 01:35:02
2022-09-19 01:35:04,1,1.0,3882.25,2022-09-19 01:35:04
2022-09-19 01:35:05,1,1.0,3882.25,2022-09-19 01:35:05
2022-09-19 01:35:09,5,-1.0,3882.0,2022-09-19 01:35:09
2022-09-19 01:35:10,14,-1.0,3882.0,2022-09-19 01:35:10
2022-09-19 01:35:22,1,-1.0,3881.75,2022-09-19 01:35:22
2022-09-19 01:35:27,5,1.0,3882.25,2022-09-19 01:35:27
2022-09-19 01:35:39,3,-1.0,3882.0,2022-09-19 01:35:39
2022-09-19 01:35:44,1,1.0,3882.0,2022-09-19 01:35:44
2022-09-19 01:35:48,2,1.0,3882.25,2022-09-19 01:35:48
2022-09-19 01:36:03,5,-1.0,3882.25,2022-09-19 01:36:03
2022-09-19 01:36:19,3,1.0,3882.5,2022-09-19 01:36:19
2022-09-19 01:36:20,1,-1.0,3882.5,2022-09-19 01:36:20
2022-09-19 01:36:38,1,1.0,3882.5,2022-09-19 01:36:38
2022-09-19 01:36:49,1,1.0,3882.5,2022-09-19 01:36:49
2022-09-19 01:37:00,9,-1.0,3882.25,2022-09-19 01:37:00
2022-09-19 01:37:01,1,-1.0,3882.0,2022-09-19 01:37:01
2022-09-19 01:37:09,7,-1.0,3881.75,2022-09-19 01:37:09
2022-09-19 01:37:11,2,-1.0,3881.5,2022-09-19 01:37:11
2022-09-19 01:37:12,11,-1.0,3881.5,2022-09-19 01:37:12
2022-09-19 01:37:13,1,-1.0,3881.25,2022-09-19 01:37:13
2022-09-19 01:37:14,8,-1.0,3881.25,2022-09-19 01:37:14
2022-09-19 01:37:18,9,-1.0,3881.25,2022-09-19 01:37:18
2022-09-19 01:37:23,10,1.0,3881.25,2022-09-19 01:37:23
2022-09-19 01:37:24,1,-1.0,3881.25,2022-09-19 01:37:24
2022-09-19 01:37:26,5,1.0,3881.5,2022-09-19 01:37:26
2022-09-19 01:37:30,7,-1.0,3881.25,2022-09-19 01:37:30
2022-09-19 01:37:33,33,1.0,3881.5,2022-09-19 01:37:33
2022-09-19 01:37:35,4,-1.0,3881.25,2022-09-19 01:37:35
2022-09-19 01:37:37,36,1.0,3881.25,2022-09-19 01:37:37
2022-09-19 01:37:39,3,-1.0,3881.25,2022-09-19 01:37:39
2022-09-19 01:37:41,2,1.0,3881.5,2022-09-19 01:37:41
2022-09-19 01:37:43,3,1.0,3881.25,2022-09-19 01:37:43
2022-09-19 01:37:45,10,-1.0,3881.0,2022-09-19 01:37:45
2022-09-19 01:37:46,10,1.0,3881.0,2022-09-19 01:37:46
2022-09-19 01:37:47,51,1.0,3881.0,2022-09-19 01:37:47
2022-09-19 01:37:49,2,-1.0,3880.5,2022-09-19 01:37:49
2022-09-19 01:37:50,34,1.0,3880.5,2022-09-19 01:37:50
2022-09-19 01:37:51,1,-1.0,3880.25,2022-09-19 01:37:51
2022-09-19 01:37:52,11,1.0,3880.5,2022-09-19 01:37:52
2022-09-19 01:37:53,3,-1.0,3880.5,2022-09-19 01:37:53
2022-09-19 01:37:54,1,1.0,3880.75,2022-09-19 01:37:54
2022-09-19 01:37:55,7,1.0,3880.75,2022-09-19 01:37:55
2022-09-19 01:37:58,2,-1.0,3880.5,2022-09-19 01:37:58
2022-09-19 01:37:59,1,1.0,3880.75,2022-09-19 01:37:59
2022-09-19 01:38:00,6,-1.0,3880.5,2022-09-19 01:38:00
2022-09-19 01:38:03,3,1.0,3880.5,2022-09-19 01:38:03
2022-09-19 01:38:04,5,1.0,3880.75,2022-09-19 01:38:04
2022-09-19 01:38:05,4,1.0,3880.75,2022-09-19 01:38:05
2022-09-19 01:38:07,1,-1.0,3880.5,2022-09-19 01:38:07
2022-09-19 01:38:08,1,1.0,3880.75,2022-09-19 01:38:08
2022-09-19 01:38:10,1,-1.0,3880.75,2022-09-19 01:38:10
2022-09-19 01:38:14,1,1.0,3880.75,2022-09-19 01:38:14
2022-09-19 01:38:15,1,1.0,3880.75,2022-09-19 01:38:15
2022-09-19 01:38:17,16,2.0,3881.0,2022-09-19 01:38:17
2022-09-19 01:38:18,2,1.0,3880.75,2022-09-19 01:38:18
2022-09-19 01:38:19,11,1.0,3880.75,2022-09-19 01:38:19
2022-09-19 01:38:22,1,-1.0,3880.5,2022-09-19 01:38:22
2022-09-19 01:38:29,10,1.0,3881.0,2022-09-19 01:38:29
2022-09-19 01:38:41,8,-1.0,3880.75,2022-09-19 01:38:41
2022-09-19 01:38:49,2,-1.0,3880.5,2022-09-19 01:38:49
2022-09-19 01:38:54,1,-1.0,3880.5,2022-09-19 01:38:54
2022-09-19 01:38:57,1,-1.0,3880.5,2022-09-19 01:38:57
2022-09-19 01:39:02,5,1.0,3880.5,2022-09-19 01:39:02
2022-09-19 01:39:03,3,1.0,3880.5,2022-09-19 01:39:03
2022-09-19 01:39:20,2,1.0,3880.75,2022-09-19 01:39:20
2022-09-19 01:39:26,1,1.0,3880.75,2022-09-19 01:39:26
2022-09-19 01:39:30,1,1.0,3880.75,2022-09-19 01:39:30
2022-09-19 01:39:31,1,1.0,3880.75,2022-09-19 01:39:31
2022-09-19 01:39:34,1,-1.0,3880.75,2022-09-19 01:39:34
2022-09-19 01:39:45,2,-1.0,3880.75,2022-09-19 01:39:45
2022-09-19 01:39:51,5,1.0,3880.75,2022-09-19 01:39:51
2022-09-19 01:39:58,3,-1.0,3880.75,2022-09-19 01:39:58
2022-09-19 01:40:09,10,1.0,3881.0,2022-09-19 01:40:09
2022-09-19 01:40:10,1,1.0,3881.25,2022-09-19 01:40:10
2022-09-19 01:40:11,10,1.0,3881.25,2022-09-19 01:40:11
2022-09-19 01:40:20,1,-1.0,3881.5,2022-09-19 01:40:20
2022-09-19 01:40:21,5,1.0,3881.75,2022-09-19 01:40:21
2022-09-19 01:40:23,1,-1.0,3881.25,2022-09-19 01:40:23
2022-09-19 01:40:31,1,1.0,3881.5,2022-09-19 01:40:31
2022-09-19 01:40:37,3,1.0,3881.5,2022-09-19 01:40:37
2022-09-19 01:40:44,8,1.0,3881.5,2022-09-19 01:40:44
2022-09-19 01:40:45,1,-1.0,3881.25,2022-09-19 01:40:45
2022-09-19 01:40:51,2,-1.0,3881.5,2022-09-19 01:40:51
2022-09-19 01:40:53,3,-1.0,3881.25,2022-09-19 01:40:53
2022-09-19 01:40:59,1,1.0,3881.25,2022-09-19 01:40:59
2022-09-19 01:41:10,9,1.0,3881.25,2022-09-19 01:41:10
2022-09-19 01:41:13,22,1.0,3881.25,2022-09-19 01:41:13
2022-09-19 01:41:24,4,-1.0,3880.75,2022-09-19 01:41:24
2022-09-19 01:41:26,2,-1.0,3880.75,2022-09-19 01:41:26
2022-09-19 01:41:27,17,-1.0,3880.5,2022-09-19 01:41:27
2022-09-19 01:41:29,5,1.0,3880.5,2022-09-19 01:41:29
2022-09-19 01:41:30,1,1.0,3880.5,2022-09-19 01:41:30
2022-09-19 01:41:36,2,1.0,3880.5,2022-09-19 01:41:36
2022-09-19 01:41:40,40,1.0,3880.5,2022-09-19 01:41:40
2022-09-19 01:41:50,1,1.0,3880.5,2022-09-19 01:41:50
2022-09-19 01:41:55,2,1.0,3880.5,2022-09-19 01:41:55
2022-09-19 01:42:01,1,-1.0,3880.25,2022-09-19 01:42:01
2022-09-19 01:42:04,53,1.0,3880.25,2022-09-19 01:42:04
2022-09-19 01:42:05,21,1.0,3879.75,2022-09-19 01:42:05
2022-09-19 01:42:06,4,1.0,3880.0,2022-09-19 01:42:06
2022-09-19 01:42:08,2,-1.0,3879.75,2022-09-19 01:42:08
2022-09-19 01:42:12,3,1.0,3879.75,2022-09-19 01:42:12
2022-09-19 01:42:15,1,1.0,3880.0,2022-09-19 01:42:15
2022-09-19 01:42:16,1,1.0,3880.0,2022-09-19 01:42:16
2022-09-19 01:42:18,24,1.0,3880.0,2022-09-19 01:42:18
2022-09-19 01:42:19,15,1.0,3880.25,2022-09-19 01:42:19
2022-09-19 01:42:20,1,1.0,3880.25,2022-09-19 01:42:20
2022-09-19 01:42:21,2,1.0,3880.25,2022-09-19 01:42:21
2022-09-19 01:42:30,3,1.0,3880.5,2022-09-19 01:42:30
2022-09-19 01:42:32,3,1.0,3880.75,2022-09-19 01:42:32
2022-09-19 01:42:42,3,1.0,3880.75,2022-09-19 01:42:42
2022-09-19 01:42:44,3,-1.0,3880.75,2022-09-19 01:42:44
2022-09-19 01:43:05,12,-1.0,3880.75,2022-09-19 01:43:05
2022-09-19 01:43:07,2,1.0,3880.75,2022-09-19 01:43:07
2022-09-19 01:43:14,1,1.0,3880.75,2022-09-19 01:43:14
2022-09-19 01:43:15,2,1.0,3880.75,2022-09-19 01:43:15
2022-09-19 01:43:18,1,-1.0,3880.5,2022-09-19 01:43:18
2022-09-19 01:43:19,1,1.0,3881.0,2022-09-19 01:43:19
2022-09-19 01:43:25,12,2.0,3881.25,2022-09-19 01:43:25
2022-09-19 01:43:26,10,-1.0,3881.0,2022-09-19 01:43:26
2022-09-19 01:43:27,13,1.0,3880.75,2022-09-19 01:43:27
2022-09-19 01:43:32,2,-1.0,3880.75,2022-09-19 01:43:32
2022-09-19 01:43:34,5,1.0,3881.25,2022-09-19 01:43:34
2022-09-19 01:43:36,2,1.0,3881.25,2022-09-19 01:43:36
2022-09-19 01:43:43,1,1.0,3881.25,2022-09-19 01:43:43
2022-09-19 01:43:46,3,1.0,3881.5,2022-09-19 01:43:46
2022-09-19 01:43:50,2,1.0,3881.25,2022-09-19 01:43:50
2022-09-19 01:43:55,8,1.0,3881.25,2022-09-19 01:43:55
2022-09-19 01:44:08,4,1.0,3881.5,2022-09-19 01:44:08
2022-09-19 01:44:09,1,1.0,3881.5,2022-09-19 01:44:09
2022-09-19 01:44:17,2,1.0,3881.5,2022-09-19 01:44:17
2022-09-19 01:44:25,8,2.0,3882.0,2022-09-19 01:44:25
2022-09-19 01:44:26,2,-1.0,3881.5,2022-09-19 01:44:26
2022-09-19 01:44:30,1,-1.0,3881.75,2022-09-19 01:44:30
2022-09-19 01:44:33,9,1.0,3881.75,2022-09-19 01:44:33
2022-09-19 01:44:35,3,-1.0,3881.5,2022-09-19 01:44:35
2022-09-19 01:44:40,1,-1.0,3881.25,2022-09-19 01:44:40
2022-09-19 01:44:42,1,1.0,3881.5,2022-09-19 01:44:42
2022-09-19 01:44:51,35,1.0,3881.5,2022-09-19 01:44:51
2022-09-19 01:44:52,3,-1.0,3881.0,2022-09-19 01:44:52
2022-09-19 01:44:53,1,1.0,3881.25,2022-09-19 01:44:53
2022-09-19 01:44:54,7,-1.0,3881.0,2022-09-19 01:44:54
2022-09-19 01:44:56,1,-1.0,3881.0,2022-09-19 01:44:56
2022-09-19 01:44:57,2,-1.0,3881.0,2022-09-19 01:44:57
2022-09-19 01:45:01,1,-1.0,3881.0,2022-09-19 01:45:01
2022-09-19 01:45:03,2,1.0,3881.25,2022-09-19 01:45:03
2022-09-19 01:45:10,6,1.0,3881.0,2022-09-19 01:45:10
2022-09-19 01:45:12,1,1.0,3881.25,2022-09-19 01:45:12
2022-09-19 01:45:14,3,1.0,3881.25,2022-09-19 01:45:14
2022-09-19 01:45:17,2,-1.0,3881.25,2022-09-19 01:45:17
2022-09-19 01:45:18,4,-1.0,3881.0,2022-09-19 01:45:18
2022-09-19 01:45:21,1,1.0,3881.25,2022-09-19 01:45:21
2022-09-19 01:46:01,12,1.0,3881.5,2022-09-19 01:46:01
2022-09-19 01:46:08,10,1.0,3881.5,2022-09-19 01:46:08
2022-09-19 01:46:10,3,1.0,3881.5,2022-09-19 01:46:10
2022-09-19 01:46:17,2,1.0,3881.5,2022-09-19 01:46:17
2022-09-19 01:46:29,6,-1.0,3881.5,2022-09-19 01:46:29
2022-09-19 01:46:31,3,1.0,3881.75,2022-09-19 01:46:31
2022-09-19 01:46:36,3,1.0,3882.0,2022-09-19 01:46:36
2022-09-19 01:46:47,6,1.0,3881.75,2022-09-19 01:46:47
2022-09-19 01:47:00,1,1.0,3882.0,2022-09-19 01:47:00
2022-09-19 01:47:01,8,-1.0,3881.75,2022-09-19 01:47:01
2022-09-19 01:47:05,1,1.0,3881.75,2022-09-19 01:47:05
2022-09-19 01:47:19,13,-1.0,3881.5,2022-09-19 01:47:19
2022-09-19 01:47:20,12,1.0,3881.5,2022-09-19 01:47:20
2022-09-19 01:47:23,1,-1.0,3881.5,2022-09-19 01:47:23
2022-09-19 01:47:34,2,1.0,3881.0,2022-09-19 01:47:34
2022-09-19 01:47:43,8,-1.0,3880.75,2022-09-19 01:47:43
2022-09-19 01:47:45,2,-1.0,3880.5,2022-09-19 01:47:45
2022-09-19 01:47:50,1,-1.0,3880.5,2022-09-19 01:47:50
2022-09-19 01:47:53,10,2.0,3881.0,2022-09-19 01:47:53
2022-09-19 01:47:58,16,1.0,3881.0,2022-09-19 01:47:58
2022-09-19 01:48:02,1,-1.0,3880.5,2022-09-19 01:48:02
2022-09-19 01:48:03,1,-1.0,3880.25,2022-09-19 01:48:03
2022-09-19 01:48:05,5,-1.0,3880.25,2022-09-19 01:48:05
2022-09-19 01:48:06,5,1.0,3880.5,2022-09-19 01:48:06
2022-09-19 01:48:08,1,1.0,3880.75,2022-09-19 01:48:08
2022-09-19 01:48:19,3,-1.0,3880.5,2022-09-19 01:48:19
2022-09-19 01:48:21,3,1.0,3880.5,2022-09-19 01:48:21
2022-09-19 01:48:22,2,-1.0,3880.5,2022-09-19 01:48:22
2022-09-19 01:48:38,7,1.0,3880.5,2022-09-19 01:48:38
2022-09-19 01:48:50,3,1.0,3880.5,2022-09-19 01:48:50
2022-09-19 01:48:54,28,1.0,3880.25,2022-09-19 01:48:54
2022-09-19 01:48:55,3,-1.0,3880.25,2022-09-19 01:48:55
2022-09-19 01:48:56,8,1.0,3880.0,2022-09-19 01:48:56
2022-09-19 01:49:01,1,1.0,3880.0,2022-09-19 01:49:01
2022-09-19 01:49:02,3,1.0,3880.0,2022-09-19 01:49:02
2022-09-19 01:49:04,10,1.0,3880.25,2022-09-19 01:49:04
2022-09-19 01:49:06,1,1.0,3880.25,2022-09-19 01:49:06
2022-09-19 01:49:10,1,-1.0,3880.0,2022-09-19 01:49:10
2022-09-19 01:49:12,1,-1.0,3880.0,2022-09-19 01:49:12
2022-09-19 01:49:18,1,1.0,3880.25,2022-09-19 01:49:18
2022-09-19 01:49:20,2,-1.0,3880.25,2022-09-19 01:49:20
2022-09-19 01:49:30,12,1.0,3880.5,2022-09-19 01:49:30
2022-09-19 01:49:33,12,1.0,3880.75,2022-09-19 01:49:33
2022-09-19 01:49:36,2,1.0,3881.0,2022-09-19 01:49:36
2022-09-19 01:49:48,2,-1.0,3881.0,2022-09-19 01:49:48
2022-09-19 01:49:55,3,-1.0,3881.0,2022-09-19 01:49:55
2022-09-19 01:49:57,1,1.0,3881.0,2022-09-19 01:49:57
2022-09-19 01:49:59,2,-1.0,3881.0,2022-09-19 01:49:59
2022-09-19 01:50:01,1,1.0,3881.0,2022-09-19 01:50:01
2022-09-19 01:50:06,2,1.0,3881.25,2022-09-19 01:50:06
2022-09-19 01:50:07,5,1.0,3881.25,2022-09-19 01:50:07
2022-09-19 01:50:10,1,-1.0,3881.0,2022-09-19 01:50:10
2022-09-19 01:50:11,5,-1.0,3881.0,2022-09-19 01:50:11
2022-09-19 01:50:13,10,2.0,3881.0,2022-09-19 01:50:13
2022-09-19 01:50:15,2,1.0,3881.0,2022-09-19 01:50:15
2022-09-19 01:50:25,3,-1.0,3880.75,2022-09-19 01:50:25
2022-09-19 01:50:26,1,1.0,3881.0,2022-09-19 01:50:26
2022-09-19 01:50:30,1,-1.0,3880.5,2022-09-19 01:50:30
2022-09-19 01:50:35,12,1.0,3880.5,2022-09-19 01:50:35
2022-09-19 01:50:37,2,-1.0,3880.5,2022-09-19 01:50:37
2022-09-19 01:50:39,20,2.0,3881.0,2022-09-19 01:50:39
2022-09-19 01:50:40,2,-1.0,3880.5,2022-09-19 01:50:40
2022-09-19 01:50:43,33,1.0,3880.25,2022-09-19 01:50:43
2022-09-19 01:50:48,1,-1.0,3880.0,2022-09-19 01:50:48
2022-09-19 01:50:51,3,-1.0,3880.25,2022-09-19 01:50:51
2022-09-19 01:50:52,4,-1.0,3880.0,2022-09-19 01:50:52
2022-09-19 01:50:55,4,1.0,3880.25,2022-09-19 01:50:55
2022-09-19 01:50:56,71,2.0,3881.0,2022-09-19 01:50:56
2022-09-19 01:51:00,2,-1.0,3880.25,2022-09-19 01:51:00
2022-09-19 01:51:07,10,1.0,3880.0,2022-09-19 01:51:07
2022-09-19 01:51:13,4,-1.0,3880.0,2022-09-19 01:51:13
2022-09-19 01:51:14,4,1.0,3880.0,2022-09-19 01:51:14
2022-09-19 01:51:16,4,-1.0,3880.0,2022-09-19 01:51:16
2022-09-19 01:51:31,1,-1.0,3880.0,2022-09-19 01:51:31
2022-09-19 01:51:36,13,1.0,3880.0,2022-09-19 01:51:36
2022-09-19 01:51:37,1,-1.0,3880.0,2022-09-19 01:51:37
2022-09-19 01:51:38,1,-1.0,3880.0,2022-09-19 01:51:38
2022-09-19 01:51:40,1,1.0,3880.25,2022-09-19 01:51:40
2022-09-19 01:51:43,12,1.0,3880.25,2022-09-19 01:51:43
2022-09-19 01:51:48,1,-1.0,3880.0,2022-09-19 01:51:48
2022-09-19 01:52:00,3,-1.0,3880.0,2022-09-19 01:52:00
2022-09-19 01:52:12,5,1.0,3880.0,2022-09-19 01:52:12
2022-09-19 01:52:14,1,1.0,3880.0,2022-09-19 01:52:14
2022-09-19 01:52:26,2,1.0,3880.25,2022-09-19 01:52:26
2022-09-19 01:52:31,4,-1.0,3880.25,2022-09-19 01:52:31
2022-09-19 01:52:34,17,1.0,3880.25,2022-09-19 01:52:34
2022-09-19 01:52:35,29,1.0,3880.25,2022-09-19 01:52:35
2022-09-19 01:52:37,22,1.0,3880.25,2022-09-19 01:52:37
2022-09-19 01:52:38,2,1.0,3880.25,2022-09-19 01:52:38
2022-09-19 01:52:39,3,1.0,3880.25,2022-09-19 01:52:39
2022-09-19 01:52:40,21,1.0,3880.0,2022-09-19 01:52:40
2022-09-19 01:52:42,31,1.0,3880.0,2022-09-19 01:52:42
2022-09-19 01:52:43,3,-1.0,3880.0,2022-09-19 01:52:43
2022-09-19 01:52:44,3,1.0,3880.0,2022-09-19 01:52:44
2022-09-19 01:52:48,29,1.0,3879.75,2022-09-19 01:52:48
2022-09-19 01:52:49,3,1.0,3880.0,2022-09-19 01:52:49
2022-09-19 01:52:50,24,1.0,3879.75,2022-09-19 01:52:50
2022-09-19 01:52:52,4,1.0,3880.0,2022-09-19 01:52:52
2022-09-19 01:52:53,20,-1.0,3879.75,2022-09-19 01:52:53
2022-09-19 01:52:56,11,1.0,3879.75,2022-09-19 01:52:56
2022-09-19 01:52:58,4,1.0,3879.75,2022-09-19 01:52:58
2022-09-19 01:53:04,83,1.0,3879.75,2022-09-19 01:53:04
2022-09-19 01:53:05,1,-1.0,3879.5,2022-09-19 01:53:05
2022-09-19 01:53:07,29,1.0,3879.5,2022-09-19 01:53:07
2022-09-19 01:53:08,1,1.0,3879.75,2022-09-19 01:53:08
2022-09-19 01:53:16,18,1.0,3879.75,2022-09-19 01:53:16
2022-09-19 01:53:17,2,1.0,3880.0,2022-09-19 01:53:17
2022-09-19 01:53:29,12,1.0,3880.0,2022-09-19 01:53:29
2022-09-19 01:53:30,31,1.0,3880.25,2022-09-19 01:53:30
2022-09-19 01:53:35,5,-1.0,3880.0,2022-09-19 01:53:35
2022-09-19 01:53:40,10,-1.0,3879.75,2022-09-19 01:53:40
2022-09-19 01:53:42,2,1.0,3879.5,2022-09-19 01:53:42
2022-09-19 01:53:44,62,1.0,3879.5,2022-09-19 01:53:44
2022-09-19 01:53:51,1,1.0,3879.5,2022-09-19 01:53:51
2022-09-19 01:53:52,21,1.0,3879.5,2022-09-19 01:53:52
2022-09-19 01:53:53,4,1.0,3879.25,2022-09-19 01:53:53
2022-09-19 01:53:55,2,-1.0,3879.25,2022-09-19 01:53:55
2022-09-19 01:53:56,2,-1.0,3879.25,2022-09-19 01:53:56
2022-09-19 01:53:58,17,1.0,3879.25,2022-09-19 01:53:58
2022-09-19 01:53:59,16,1.0,3879.0,2022-09-19 01:53:59
2022-09-19 01:54:00,9,-1.0,3879.0,2022-09-19 01:54:00
2022-09-19 01:54:01,6,1.0,3879.0,2022-09-19 01:54:01
2022-09-19 01:54:02,1,-1.0,3878.75,2022-09-19 01:54:02
2022-09-19 01:54:03,4,1.0,3879.25,2022-09-19 01:54:03
2022-09-19 01:54:06,4,1.0,3879.25,2022-09-19 01:54:06
2022-09-19 01:54:07,11,1.0,3879.25,2022-09-19 01:54:07
2022-09-19 01:54:15,10,1.0,3879.25,2022-09-19 01:54:15
2022-09-19 01:54:17,1,1.0,3879.0,2022-09-19 01:54:17
2022-09-19 01:54:18,1,-1.0,3879.0,2022-09-19 01:54:18
2022-09-19 01:54:21,12,1.0,3879.0,2022-09-19 01:54:21
2022-09-19 01:54:23,14,1.0,3879.0,2022-09-19 01:54:23
2022-09-19 01:54:30,2,-1.0,3879.0,2022-09-19 01:54:30
2022-09-19 01:54:31,1,-1.0,3879.0,2022-09-19 01:54:31
2022-09-19 01:54:33,1,1.0,3879.25,2022-09-19 01:54:33
2022-09-19 01:54:34,15,1.0,3879.25,2022-09-19 01:54:34
2022-09-19 01:54:37,1,1.0,3879.25,2022-09-19 01:54:37
2022-09-19 01:54:40,1,-1.0,3879.0,2022-09-19 01:54:40
2022-09-19 01:54:42,2,1.0,3879.25,2022-09-19 01:54:42
2022-09-19 01:54:43,1,-1.0,3879.0,2022-09-19 01:54:43
2022-09-19 01:54:46,2,1.0,3879.25,2022-09-19 01:54:46
2022-09-19 01:54:47,1,-1.0,3879.0,2022-09-19 01:54:47
2022-09-19 01:54:51,7,1.0,3879.0,2022-09-19 01:54:51
2022-09-19 01:54:55,3,1.0,3879.0,2022-09-19 01:54:55
2022-09-19 01:54:56,6,1.0,3879.0,2022-09-19 01:54:56
2022-09-19 01:54:58,6,-1.0,3879.0,2022-09-19 01:54:58
2022-09-19 01:54:59,6,1.0,3879.0,2022-09-19 01:54:59
2022-09-19 01:55:00,1,1.0,3879.0,2022-09-19 01:55:00
2022-09-19 01:55:03,16,1.0,3878.75,2022-09-19 01:55:03
2022-09-19 01:55:05,17,1.0,3878.75,2022-09-19 01:55:05
2022-09-19 01:55:06,1,-1.0,3878.5,2022-09-19 01:55:06
2022-09-19 01:55:07,1,-1.0,3878.5,2022-09-19 01:55:07
2022-09-19 01:55:08,3,1.0,3879.0,2022-09-19 01:55:08
2022-09-19 01:55:10,1,-1.0,3879.0,2022-09-19 01:55:10
2022-09-19 01:55:11,1,-1.0,3879.0,2022-09-19 01:55:11
2022-09-19 01:55:12,13,1.0,3879.25,2022-09-19 01:55:12
2022-09-19 01:55:13,1,-1.0,3879.25,2022-09-19 01:55:13
2022-09-19 01:55:14,2,-1.0,3879.25,2022-09-19 01:55:14
2022-09-19 01:55:17,1,-1.0,3879.0,2022-09-19 01:55:17
2022-09-19 01:55:19,2,-1.0,3879.0,2022-09-19 01:55:19
2022-09-19 01:55:24,2,1.0,3879.25,2022-09-19 01:55:24
2022-09-19 01:55:25,2,-1.0,3879.25,2022-09-19 01:55:25
2022-09-19 01:55:27,1,-1.0,3879.0,2022-09-19 01:55:27
2022-09-19 01:55:28,4,1.0,3879.0,2022-09-19 01:55:28
2022-09-19 01:55:30,1,1.0,3879.0,2022-09-19 01:55:30
2022-09-19 01:55:32,11,1.0,3879.0,2022-09-19 01:55:32
2022-09-19 01:55:36,3,1.0,3879.0,2022-09-19 01:55:36
2022-09-19 01:55:46,12,1.0,3879.0,2022-09-19 01:55:46
2022-09-19 01:55:53,1,-1.0,3879.0,2022-09-19 01:55:53
2022-09-19 01:55:57,1,-1.0,3879.0,2022-09-19 01:55:57
2022-09-19 01:56:00,5,1.0,3879.25,2022-09-19 01:56:00
2022-09-19 01:56:05,5,1.0,3879.25,2022-09-19 01:56:05
2022-09-19 01:56:06,1,-1.0,3879.25,2022-09-19 01:56:06
2022-09-19 01:56:10,4,1.0,3879.5,2022-09-19 01:56:10
2022-09-19 01:56:11,1,1.0,3879.5,2022-09-19 01:56:11
2022-09-19 01:56:12,1,1.0,3879.5,2022-09-19 01:56:12
2022-09-19 01:56:14,15,1.0,3879.5,2022-09-19 01:56:14
2022-09-19 01:56:15,1,1.0,3879.75,2022-09-19 01:56:15
2022-09-19 01:56:16,1,-1.0,3879.5,2022-09-19 01:56:16
2022-09-19 01:56:19,1,-1.0,3879.5,2022-09-19 01:56:19
2022-09-19 01:56:23,1,1.0,3879.5,2022-09-19 01:56:23
2022-09-19 01:56:28,1,1.0,3879.5,2022-09-19 01:56:28
2022-09-19 01:56:31,15,-1.0,3879.25,2022-09-19 01:56:31
2022-09-19 01:56:34,2,-1.0,3879.0,2022-09-19 01:56:34
2022-09-19 01:56:35,18,1.0,3878.75,2022-09-19 01:56:35
2022-09-19 01:56:41,38,1.0,3878.25,2022-09-19 01:56:41
2022-09-19 01:56:43,4,1.0,3878.25,2022-09-19 01:56:43
2022-09-19 01:56:46,138,2.0,3878.0,2022-09-19 01:56:46
2022-09-19 01:56:47,2,-1.0,3877.5,2022-09-19 01:56:47
2022-09-19 01:56:48,1,-1.0,3877.25,2022-09-19 01:56:48
2022-09-19 01:56:50,7,1.0,3877.75,2022-09-19 01:56:50
2022-09-19 01:56:51,16,1.0,3878.0,2022-09-19 01:56:51
2022-09-19 01:56:52,2,-1.0,3877.75,2022-09-19 01:56:52
2022-09-19 01:56:53,12,-1.0,3877.75,2022-09-19 01:56:53
2022-09-19 01:56:54,11,1.0,3877.25,2022-09-19 01:56:54
2022-09-19 01:56:55,6,-1.0,3877.25,2022-09-19 01:56:55
2022-09-19 01:56:56,3,1.0,3877.25,2022-09-19 01:56:56
2022-09-19 01:56:57,1,-1.0,3877.25,2022-09-19 01:56:57
2022-09-19 01:56:58,40,1.0,3877.25,2022-09-19 01:56:58
2022-09-19 01:56:59,1,1.0,3877.25,2022-09-19 01:56:59
2022-09-19 01:57:00,6,1.0,3877.25,2022-09-19 01:57:00
2022-09-19 01:57:01,22,1.0,3877.25,2022-09-19 01:57:01
2022-09-19 01:57:02,7,-1.0,3876.75,2022-09-19 01:57:02
2022-09-19 01:57:04,9,1.0,3876.75,2022-09-19 01:57:04
2022-09-19 01:57:06,20,1.0,3877.0,2022-09-19 01:57:06
2022-09-19 01:57:07,3,1.0,3877.0,2022-09-19 01:57:07
2022-09-19 01:57:08,1,-1.0,3877.0,2022-09-19 01:57:08
2022-09-19 01:57:09,9,1.0,3877.0,2022-09-19 01:57:09
2022-09-19 01:57:11,29,1.0,3877.0,2022-09-19 01:57:11
2022-09-19 01:57:13,26,1.0,3877.0,2022-09-19 01:57:13
2022-09-19 01:57:15,133,1.0,3876.5,2022-09-19 01:57:15
2022-09-19 01:57:17,6,1.0,3876.25,2022-09-19 01:57:17
2022-09-19 01:57:19,26,1.0,3876.5,2022-09-19 01:57:19
2022-09-19 01:57:20,12,1.0,3876.75,2022-09-19 01:57:20
2022-09-19 01:57:21,3,1.0,3876.75,2022-09-19 01:57:21
2022-09-19 01:57:22,7,-1.0,3876.5,2022-09-19 01:57:22
2022-09-19 01:57:23,11,1.0,3876.5,2022-09-19 01:57:23
2022-09-19 01:57:25,33,1.0,3876.5,2022-09-19 01:57:25
2022-09-19 01:57:26,1,-1.0,3876.5,2022-09-19 01:57:26
2022-09-19 01:57:27,1,1.0,3876.75,2022-09-19 01:57:27
2022-09-19 01:57:28,2,1.0,3876.75,2022-09-19 01:57:28
2022-09-19 01:57:33,11,1.0,3876.5,2022-09-19 01:57:33
2022-09-19 01:57:34,21,1.0,3876.5,2022-09-19 01:57:34
2022-09-19 01:57:35,6,1.0,3876.25,2022-09-19 01:57:35
2022-09-19 01:57:36,7,1.0,3876.25,2022-09-19 01:57:36
2022-09-19 01:57:37,1,-1.0,3876.0,2022-09-19 01:57:37
2022-09-19 01:57:38,9,1.0,3876.0,2022-09-19 01:57:38
2022-09-19 01:57:39,3,1.0,3876.0,2022-09-19 01:57:39
2022-09-19 01:57:42,7,-1.0,3876.0,2022-09-19 01:57:42
2022-09-19 01:57:43,1,1.0,3876.25,2022-09-19 01:57:43
2022-09-19 01:57:45,5,1.0,3876.25,2022-09-19 01:57:45
2022-09-19 01:57:46,2,1.0,3876.25,2022-09-19 01:57:46
2022-09-19 01:57:47,2,1.0,3876.25,2022-09-19 01:57:47
2022-09-19 01:57:50,1,-1.0,3876.25,2022-09-19 01:57:50
2022-09-19 01:57:51,1,-1.0,3876.25,2022-09-19 01:57:51
2022-09-19 01:57:53,14,1.0,3876.75,2022-09-19 01:57:53
2022-09-19 01:57:58,1,-1.0,3876.75,2022-09-19 01:57:58
2022-09-19 01:57:59,4,-1.0,3877.0,2022-09-19 01:57:59
2022-09-19 01:58:00,2,1.0,3877.0,2022-09-19 01:58:00
2022-09-19 01:58:01,2,-1.0,3876.75,2022-09-19 01:58:01
2022-09-19 01:58:06,1,-1.0,3876.75,2022-09-19 01:58:06
2022-09-19 01:58:07,2,1.0,3877.0,2022-09-19 01:58:07
2022-09-19 01:58:08,2,-1.0,3876.75,2022-09-19 01:58:08
2022-09-19 01:58:09,2,1.0,3877.0,2022-09-19 01:58:09
2022-09-19 01:58:11,26,2.0,3877.25,2022-09-19 01:58:11
2022-09-19 01:58:13,4,1.0,3877.0,2022-09-19 01:58:13
2022-09-19 01:58:14,4,1.0,3877.0,2022-09-19 01:58:14
2022-09-19 01:58:15,1,-1.0,3877.0,2022-09-19 01:58:15
2022-09-19 01:58:17,4,-1.0,3877.0,2022-09-19 01:58:17
2022-09-19 01:58:19,2,-1.0,3877.0,2022-09-19 01:58:19
2022-09-19 01:58:20,18,2.0,3877.25,2022-09-19 01:58:20
2022-09-19 01:58:21,1,-1.0,3876.75,2022-09-19 01:58:21
2022-09-19 01:58:22,6,1.0,3877.0,2022-09-19 01:58:22
2022-09-19 01:58:23,12,-1.0,3876.25,2022-09-19 01:58:23
2022-09-19 01:58:25,2,1.0,3876.5,2022-09-19 01:58:25
2022-09-19 01:58:30,1,-1.0,3876.5,2022-09-19 01:58:30
2022-09-19 01:58:31,1,-1.0,3876.5,2022-09-19 01:58:31
2022-09-19 01:58:36,3,1.0,3876.5,2022-09-19 01:58:36
2022-09-19 01:58:37,1,-1.0,3876.5,2022-09-19 01:58:37
2022-09-19 01:58:39,1,1.0,3876.75,2022-09-19 01:58:39
2022-09-19 01:58:40,16,1.0,3876.5,2022-09-19 01:58:40
2022-09-19 01:58:43,1,1.0,3876.5,2022-09-19 01:58:43
2022-09-19 01:58:44,2,1.0,3876.75,2022-09-19 01:58:44
2022-09-19 01:58:45,1,-1.0,3876.75,2022-09-19 01:58:45
2022-09-19 01:58:49,13,-1.0,3876.5,2022-09-19 01:58:49
2022-09-19 01:58:51,2,1.0,3876.5,2022-09-19 01:58:51
2022-09-19 01:58:52,8,1.0,3876.25,2022-09-19 01:58:52
2022-09-19 01:58:53,13,-1.0,3876.0,2022-09-19 01:58:53
2022-09-19 01:58:55,15,1.0,3876.0,2022-09-19 01:58:55
2022-09-19 01:58:58,1,-1.0,3875.75,2022-09-19 01:58:58
2022-09-19 01:59:01,9,-1.0,3875.75,2022-09-19 01:59:01
2022-09-19 01:59:03,1,-1.0,3875.5,2022-09-19 01:59:03
2022-09-19 01:59:04,9,2.0,3876.0,2022-09-19 01:59:04
2022-09-19 01:59:05,7,-1.0,3875.75,2022-09-19 01:59:05
2022-09-19 01:59:06,4,1.0,3876.0,2022-09-19 01:59:06
2022-09-19 01:59:08,3,-1.0,3875.75,2022-09-19 01:59:08
2022-09-19 01:59:09,1,-1.0,3875.75,2022-09-19 01:59:09
2022-09-19 01:59:12,3,-1.0,3876.0,2022-09-19 01:59:12
2022-09-19 01:59:18,4,1.0,3876.25,2022-09-19 01:59:18
2022-09-19 01:59:19,3,1.0,3876.25,2022-09-19 01:59:19
2022-09-19 01:59:22,1,1.0,3876.25,2022-09-19 01:59:22
2022-09-19 01:59:23,2,1.0,3876.5,2022-09-19 01:59:23
2022-09-19 01:59:24,11,1.0,3876.25,2022-09-19 01:59:24
2022-09-19 01:59:27,1,-1.0,3875.75,2022-09-19 01:59:27
2022-09-19 01:59:29,4,-1.0,3875.75,2022-09-19 01:59:29
2022-09-19 01:59:30,1,-1.0,3875.75,2022-09-19 01:59:30
2022-09-19 01:59:33,11,-1.0,3875.75,2022-09-19 01:59:33
2022-09-19 01:59:36,22,1.0,3875.25,2022-09-19 01:59:36
2022-09-19 01:59:37,6,1.0,3875.25,2022-09-19 01:59:37
2022-09-19 01:59:38,3,1.0,3875.5,2022-09-19 01:59:38
2022-09-19 01:59:39,7,1.0,3875.5,2022-09-19 01:59:39
2022-09-19 01:59:40,2,1.0,3875.5,2022-09-19 01:59:40
2022-09-19 01:59:42,7,-1.0,3875.25,2022-09-19 01:59:42
2022-09-19 01:59:43,2,1.0,3875.5,2022-09-19 01:59:43
2022-09-19 01:59:45,2,-1.0,3875.25,2022-09-19 01:59:45
2022-09-19 01:59:47,2,1.0,3875.5,2022-09-19 01:59:47
2022-09-19 01:59:51,2,-1.0,3875.25,2022-09-19 01:59:51
2022-09-19 01:59:55,4,1.0,3875.5,2022-09-19 01:59:55
2022-09-19 01:59:57,6,1.0,3875.25,2022-09-19 01:59:57
2022-09-19 01:59:59,10,1.0,3875.25,2022-09-19 01:59:59
2022-09-19 02:00:00,73,1.0,3875.25,2022-09-19 02:00:00
2022-09-19 02:00:01,24,1.0,3875.0,2022-09-19 02:00:01
2022-09-19 02:00:02,8,-1.0,3874.25,2022-09-19 02:00:02
2022-09-19 02:00:03,3,1.0,3874.25,2022-09-19 02:00:03
2022-09-19 02:00:04,34,-1.0,3874.0,2022-09-19 02:00:04
2022-09-19 02:00:05,3,-1.0,3873.75,2022-09-19 02:00:05
2022-09-19 02:00:06,17,1.0,3874.0,2022-09-19 02:00:06
2022-09-19 02:00:07,2,-1.0,3873.75,2022-09-19 02:00:07
2022-09-19 02:00:10,9,1.0,3874.0,2022-09-19 02:00:10
2022-09-19 02:00:12,18,1.0,3874.5,2022-09-19 02:00:12
2022-09-19 02:00:13,3,1.0,3874.5,2022-09-19 02:00:13
2022-09-19 02:00:14,7,1.0,3874.5,2022-09-19 02:00:14
2022-09-19 02:00:15,14,2.0,3875.25,2022-09-19 02:00:15
2022-09-19 02:00:16,2,1.0,3875.0,2022-09-19 02:00:16
2022-09-19 02:00:17,3,1.0,3874.75,2022-09-19 02:00:17
2022-09-19 02:00:18,3,1.0,3875.0,2022-09-19 02:00:18
2022-09-19 02:00:22,74,1.0,3874.75,2022-09-19 02:00:22
2022-09-19 02:00:26,73,1.0,3874.25,2022-09-19 02:00:26
2022-09-19 02:00:27,177,1.0,3873.75,2022-09-19 02:00:27
2022-09-19 02:00:28,9,1.0,3873.25,2022-09-19 02:00:28
2022-09-19 02:00:29,1,1.0,3873.5,2022-09-19 02:00:29
2022-09-19 02:00:30,63,1.0,3873.5,2022-09-19 02:00:30
2022-09-19 02:00:31,7,1.0,3873.75,2022-09-19 02:00:31
2022-09-19 02:00:33,11,1.0,3873.25,2022-09-19 02:00:33
2022-09-19 02:00:35,2,1.0,3873.5,2022-09-19 02:00:35
2022-09-19 02:00:36,52,1.0,3873.25,2022-09-19 02:00:36
2022-09-19 02:00:37,37,1.0,3873.0,2022-09-19 02:00:37
2022-09-19 02:00:38,1,-1.0,3872.5,2022-09-19 02:00:38
2022-09-19 02:00:39,2,-1.0,3872.5,2022-09-19 02:00:39
2022-09-19 02:00:40,1,-1.0,3872.5,2022-09-19 02:00:40
2022-09-19 02:00:41,11,1.0,3872.75,2022-09-19 02:00:41
2022-09-19 02:00:42,2,1.0,3872.75,2022-09-19 02:00:42
2022-09-19 02:00:43,4,1.0,3872.75,2022-09-19 02:00:43
2022-09-19 02:00:44,1,-1.0,3872.5,2022-09-19 02:00:44
2022-09-19 02:00:46,1,1.0,3872.75,2022-09-19 02:00:46
2022-09-19 02:00:47,6,1.0,3872.75,2022-09-19 02:00:47
2022-09-19 02:00:48,2,-1.0,3872.5,2022-09-19 02:00:48
2022-09-19 02:00:49,39,1.0,3872.75,2022-09-19 02:00:49
2022-09-19 02:00:50,9,1.0,3872.75,2022-09-19 02:00:50
2022-09-19 02:00:51,56,1.0,3873.0,2022-09-19 02:00:51
2022-09-19 02:00:53,7,1.0,3873.0,2022-09-19 02:00:53
2022-09-19 02:00:54,20,2.0,3873.25,2022-09-19 02:00:54
2022-09-19 02:00:55,4,1.0,3873.5,2022-09-19 02:00:55
2022-09-19 02:00:56,9,1.0,3873.25,2022-09-19 02:00:56
2022-09-19 02:00:57,31,1.0,3873.5,2022-09-19 02:00:57
2022-09-19 02:00:59,6,1.0,3873.5,2022-09-19 02:00:59
2022-09-19 02:01:00,17,1.0,3873.5,2022-09-19 02:01:00
2022-09-19 02:01:01,4,2.0,3873.75,2022-09-19 02:01:01
2022-09-19 02:01:03,2,1.0,3873.75,2022-09-19 02:01:03
2022-09-19 02:01:05,8,1.0,3873.75,2022-09-19 02:01:05
2022-09-19 02:01:08,4,1.0,3873.75,2022-09-19 02:01:08
2022-09-19 02:01:09,1,-1.0,3873.75,2022-09-19 02:01:09
2022-09-19 02:01:10,1,1.0,3873.75,2022-09-19 02:01:10
2022-09-19 02:01:13,10,-1.0,3873.5,2022-09-19 02:01:13
2022-09-19 02:01:14,25,1.0,3873.25,2022-09-19 02:01:14
2022-09-19 02:01:15,2,1.0,3873.0,2022-09-19 02:01:15
2022-09-19 02:01:16,17,1.0,3873.0,2022-09-19 02:01:16
2022-09-19 02:01:17,29,1.0,3872.75,2022-09-19 02:01:17
2022-09-19 02:01:18,7,1.0,3872.75,2022-09-19 02:01:18
2022-09-19 02:01:19,5,-1.0,3872.5,2022-09-19 02:01:19
2022-09-19 02:01:20,1,1.0,3872.75,2022-09-19 02:01:20
2022-09-19 02:01:21,16,1.0,3872.75,2022-09-19 02:01:21
2022-09-19 02:01:22,30,1.0,3872.75,2022-09-19 02:01:22
2022-09-19 02:01:23,6,1.0,3873.0,2022-09-19 02:01:23
2022-09-19 02:01:24,4,1.0,3873.0,2022-09-19 02:01:24
2022-09-19 02:01:25,47,1.0,3873.0,2022-09-19 02:01:25
2022-09-19 02:01:26,7,1.0,3872.75,2022-09-19 02:01:26
2022-09-19 02:01:27,3,1.0,3872.75,2022-09-19 02:01:27
2022-09-19 02:01:28,1,-1.0,3872.5,2022-09-19 02:01:28
2022-09-19 02:01:29,4,1.0,3872.75,2022-09-19 02:01:29
2022-09-19 02:01:35,1,-1.0,3872.5,2022-09-19 02:01:35
2022-09-19 02:01:36,18,1.0,3872.75,2022-09-19 02:01:36
2022-09-19 02:01:37,2,1.0,3872.75,2022-09-19 02:01:37
2022-09-19 02:01:40,2,1.0,3872.75,2022-09-19 02:01:40
2022-09-19 02:01:41,52,2.0,3873.0,2022-09-19 02:01:41
2022-09-19 02:01:42,14,-1.0,3872.5,2022-09-19 02:01:42
2022-09-19 02:01:43,35,-1.0,3872.5,2022-09-19 02:01:43
2022-09-19 02:01:44,43,1.0,3872.75,2022-09-19 02:01:44
2022-09-19 02:01:51,1,1.0,3872.75,2022-09-19 02:01:51
2022-09-19 02:01:53,2,1.0,3872.75,2022-09-19 02:01:53
2022-09-19 02:01:54,1,1.0,3872.75,2022-09-19 02:01:54
2022-09-19 02:01:55,13,1.0,3872.75,2022-09-19 02:01:55
2022-09-19 02:01:57,39,1.0,3873.0,2022-09-19 02:01:57
2022-09-19 02:01:58,16,1.0,3873.25,2022-09-19 02:01:58
2022-09-19 02:01:59,8,1.0,3873.0,2022-09-19 02:01:59
2022-09-19 02:02:00,1,1.0,3873.25,2022-09-19 02:02:00
2022-09-19 02:02:01,9,1.0,3873.25,2022-09-19 02:02:01
2022-09-19 02:02:02,1,1.0,3873.5,2022-09-19 02:02:02
2022-09-19 02:02:04,10,-1.0,3873.0,2022-09-19 02:02:04
2022-09-19 02:02:05,3,1.0,3873.25,2022-09-19 02:02:05
2022-09-19 02:02:07,2,1.0,3873.0,2022-09-19 02:02:07
2022-09-19 02:02:08,3,1.0,3873.0,2022-09-19 02:02:08
2022-09-19 02:02:09,2,1.0,3873.0,2022-09-19 02:02:09
2022-09-19 02:02:10,1,-1.0,3872.75,2022-09-19 02:02:10
2022-09-19 02:02:11,18,1.0,3873.0,2022-09-19 02:02:11
2022-09-19 02:02:13,3,-1.0,3872.75,2022-09-19 02:02:13
2022-09-19 02:02:15,5,1.0,3872.75,2022-09-19 02:02:15
2022-09-19 02:02:17,11,1.0,3872.75,2022-09-19 02:02:17
2022-09-19 02:02:18,3,1.0,3872.75,2022-09-19 02:02:18
2022-09-19 02:02:21,172,1.0,3872.5,2022-09-19 02:02:21
2022-09-19 02:02:22,51,1.0,3871.5,2022-09-19 02:02:22
2022-09-19 02:02:23,7,1.0,3871.25,2022-09-19 02:02:23
2022-09-19 02:02:24,3,-1.0,3871.25,2022-09-19 02:02:24
2022-09-19 02:02:25,15,1.0,3871.25,2022-09-19 02:02:25
2022-09-19 02:02:26,13,1.0,3871.5,2022-09-19 02:02:26
